3486 5116
734 446 954 507 ...25-

346 638 489 705 Ubinam
523 639 741 725 fragmentum
780 639 929 704 inseres?
976 638 1212 703 Difficillimum
1247 645 1297 703 est
1332 639 1429 706 dictu.

257 743 419 828 Quoniam
451 753 561 810 autern
592 745 626 812 ἐν
649 743 674 830 γ’
708 746 867 810 traditum
892 752 951 826 est,
982 745 1036 810 ubi
1066 767 1179 830 regum
1204 744 1431 829 Sicyoniorum

257 859 394 916 stemma
418 852 491 937 (l'rg.
514 853 567 936 12)
592 853 774 936 expositum
792 852 892 916 fuisse
910 852 1039 917 videtur
1062 852 1150 917 etde
1167 852 1342 918 Phaeacum
1369 853 1431 917 ori-

258 959 331 1042 giue
363 960 438 1043 (frg.
474 961 526 1042 13)
567 960 687 1024 dictum
728 965 787 1042 est,
826 958 1019 1024 Acusilaum
1054 959 1094 1023 de
1124 958 1314 1025 Homeridis
1345 960 1431 1024 inter

256 1065 423 1130 Asiaticas
455 1075 569 1148 gentes
594 1066 730 1132 Graecas
761 1066 878 1130 fecisse
905 1066 1005 1131 verba
1037 1066 1114 1130 licet
1144 1073 1276 1148 putare3
1308 1067 1365 1131 sed
1390 1066 1430 1131 cf.

257 1172 331 1238 adn.
361 1176 431 1238 161.

502 1581 789 1682 Fragmenta
817 1581 1010 1663 ineertae
1040 1582 1179 1663 sedis

346 1760 446 1844 Frg.
471 1760 521 1824 15
546 1757 596 1845 (6)
620 1792 645 1810 =
669 1757 787 1824 Strabo
803 1760 834 1824 X
845 1778 880 1841 p.
900 1762 964 1825 472
983 1762 1019 1842 l),
1045 1778 1116 1841 cup.
1136 1762 1174 1825 91
1198 1781 1237 1824 ex
1261 1759 1431 1825 Demetrio

258 1865 392 1949 Scepsio
424 1872 460 1930 ut
494 1866 621 1930 videtur
652 1865 705 1951 (cf.
734 1864 843 1931 Strab.
874 1866 952 1931 ibid.
982 1889 1009 1930 o.
1035 1870 1093 1948 203
1126 1866 1238 1949 Gaede,
1270 1867 1432 1931 Demetrii

256 1973 381 2056 Scepsii
406 1996 478 2056 quae
496 1995 631 2056 supera,
656 1973 732 2042 diss.
752 1971 879 2057 Gryph.
906 1976 1007 2056 188ος
1031 1972 1146 2052 Bothe,
1172 1973 1287 2038 Herm.
1305 1974 1433 2040 XXIV

256 2083 351 2164 417):

343 2237 601 2313 Ἀκουσίλαος
617 2237 664 2308 δ’ὁ
679 2238 829 2328 Ἀργεῖος
841 2240 876 2306 έκ
889 2241 1077 2328 Καβειροῦς
1089 2243 1143 2309 καὶ
1154 2239 1340 2329 Ἡφαίστου
1352 2238 1432 2307 Κοί-

254 2351 372 2430 μιλλον
394 2346 492 2433 λέγει,
522 2347 582 2414 τοῦ
605 2347 641 2415 δὲ
664 2355 755 2436 τρεῖς
778 2348 975 2436 Καβείρους,
1007 2355 1097 2436 τρεῖς
1121 2347 1157 2416 δὲ
1181 2345 1328 2436 Νύμφας
1353 2356 1432 2414 Κα-

255 2457 418 2544 drepidas.

345 2617 475 2680 Sequitur
493 2617 661 2680 Pherecydis
681 2618 843 2680 genealogia
863 2618 922 2681 (lrg.
937 2616 953 2669 6
973 2617 1039 2666 l'llG
1053 2618 1062 2665 l
1077 2632 1102 2679 p.
1117 2616 1174 2680 71):
1199 2614 1361 2686 Φερεκύδης
1375 2615 1432 2682 δ’έξ

255 2704 444 2771 ’Λπόλλωνος
471 2705 517 2756 καί
538 2703 653 2772 Ῥητίας
671 2703 845 2776 Κύρβαυτας
870 2708 962 2770 έννέα,
991 2707 1106 2772 οἰκῆσαι
1133 2705 1260 2770 ὅάέτοὺς
1286 2708 1318 2757 έν
1337 2706 1433 2775 Σαμο-

255 2793 360 2864 θράκῃ·
375 2797 407 2845 έιι
421 2793 451 2846 δέ
464 2792 630 2864 Καβείρους
643 2801 690 2862 τῆς
702 2793 844 2864 Πρωτέως
857 2795 905 2845 καί
927 2793 1088 2864 Ἡφαίστου
1107 2792 1273 2864 Καβείρους
1292 2800 1366 2865 τρεῖς
1385 2795 1433 2845 καί

256 2883 380 2954 Νύμφας
400 2889 474 2954 τρεῖς
493 2882 679 2953 Καβειρίόας,
706 2886 850 2953 ἑκατέροις
876 2882 966 2953 δ’ὶερὰ
985 2882 1128 2953 γίνεσθαι·
1155 2882 1284 2953 μάλιστα
1308 2885 1435 2952 μὲνοῦν

255 2975 287 3024 ἐν
305 2972 413 3044 Ἴμβρῳ
433 2974 480 3024 καί
501 2972 610 3042 Λήμνῳ
635 2973 700 3038 τοὺς
717 2971 883 3043 Καβείρους
907 2971 1048 3042 τιμᾶσθαι
1068 2975 1256 3042 συμβέβηκεν,
1284 2971 1366 3025 ἀλλὰ
1386 2975 1433 3024 καί

255 3063 287 3112 έν
308 3060 396 3132 Τροίᾳ
415 3062 486 3113 κατὰ
505 3059 615 3126 πόλεις·
636 3061 669 3112 τὰ
689 3060 840 3130 ὅ“ὀνόματα
858 3063 953 3113 αὐτῶν
972 3063 1031 3113 έοιι
1049 3062 1184 3130 μυστικά.

345 3151 368 3201 1.
390 3153 473 3205 Codd.
494 3148 660 3220 Καβείρους
679 3156 705 3200 et
719 3149 869 3220 Καβείρου
883 3158 910 3201 et
923 3150 1072 3220 Καβείρης.
1094 3152 1131 3201 Cl.
1146 3153 1238 3215 Steph.
1253 3153 1283 3202 B.
1298 3167 1320 3202 s·
1335 3151 1434 3216 Καβει-

255 3240 316 3307 ρία.·
336 3277 344 3295 .
362 3278 369 3291 .
389 3277 395 3291 .
415 3240 462 3291 καί
482 3241 594 3309 νύμφαι
608 3238 782 3310 Καβειρίόες,
801 3240 859 3296 ἀπὸ
872 3239 1030 3310 Καβειροῦς
1048 3246 1096 3308 τῆς
1114 3238 1255 3310 Πρωτέως
1273 3242 1321 3291 καί
1339 3239 1434 3310 Ἀγχι-

255 3331 330 3397 νόης,
350 3329 432 3399 ἀφ’ἡς
452 3330 500 3380 καί
515 3328 681 3398 Ἡφαίστου
700 3326 858 3398 Κάὀμιλος.

344 3416 501 3487 Κάμιλλον
520 3420 579 3469 sive
598 3416 737 3488 Κάμιλον
755 3419 834 3468 codd.
854 3416 1004 3486 Καὸμιλος
1024 3419 1117 3482 Steph.
1137 3419 1166 3468 B.

344 3509 368 3561 2.
389 3514 464 3579 τρεῖς
478 3506 517 3575 δέ]
532 3513 606 3578 τρεῖς
619 3509 742 3570 llramer‚
758 3505 788 3558 δέ
801 3508 903 3557 addidi.
918 3507 961 3572 οῖς
974 3509 1055 3559 codd.
1070 3507 1110 3559 ὢν
1123 3509 1251 3559 codicum
1265 3524 1330 3572 pars
1342 3509 1433 3558 Muell.

256 3599 320 3649 FllG
341 3600 429 3650 aalC
458 3599 580 3648 Mueller.

344 3740 457 3804 Lineae
482 3740 588 3804 te1tiae
616 3739 744 3804 initium
771 3745 961 3823 corruptum
987 3746 1052 3823 θεῖς
1081 3738 1139 3804 sed
1164 3738 1326 3823 quomodo
1351 3740 1432 3803 veri-

255 3847 416 3911 simillime
441 3847 483 3912 sit
507 3847 745 3931 corrigendum,
769 3847 881 3914 nescio
906 3847 962 3930 qui
986 3846 1181 3912 discernam.
1228 3846 1323 3912 Duas
1348 3847 1434 3911 inter

256 3976 290 4019 se
314 3955 436 4037 opponi
460 3955 649 4033 sententias,
682 3952 832 4019 Acusilai
864 3953 936 4018 dico
965 3959 1064 4037 atque
1088 3953 1300 4037 Pherecydis,
1333 3953 1434 4018 mani-

254 4061 376 4126 festum
400 4067 460 4125 est.
508 4059 591 4126 Cum
616 4061 772 4127 traditum
805 4054 857 4135 οἷς
889 4083 986 4125 sensu
1018 4067 1140 4142 careat,
1168 4060 1310 4125 Mueller
1333 4057 1434 4125 FHG

256 4157 300 4234 ὧν
324 4168 465 4252 scripsit.
512 4166 584 4233 Iam
608 4190 684 4233 vero
709 4169 817 4251 potius
842 4167 913 4233 fieri
937 4169 1053 4251 potuit,
1079 4174 1116 4232 ut
1138 4167 1332 4233 vocabulum
1357 4189 1435 4232 casu

254 4276 288 4338 in
312 4268 364 4348 οἷς
388 4281 576 4358 corruptum
600 4296 621 4338 a
643 4276 784 4357 posteris
801 4295 915 4339 sensus
936 4273 1148 4338 construendi
1171 4293 1270 4338 eausa
1294 4294 1434 4338 commu·

254 4388 382 4448 taretur
405 4403 502 4466 quam
526 4389 563 4448 ut
587 4371 631 4448 ὧν
653 4389 769 4466 postea
792 4383 881 4447 vocis
905 4374 957 4455 οἷς
979 4380 1117 4446 formam
1140 4380 1314 4464 acciperet.
1345 4381 1435 4446 Prae-
