3486 5116
710 429 839 490 -..ῖς
905 464 930 472 -

232 617 384 682 sarculum
410 619 501 682 libris
526 621 710 702 appositum
735 623 796 703 cst)
821 620 962 684 dilucide
987 630 1124 704 apparet
1149 645 1188 687 ex
1214 605 1404 706 fragmentis

238 729 275 788 12
301 729 342 789 32
367 725 448 811 (36),
478 733 638 808 praeterea
671 747 710 790 ex
735 725 837 791 Suida
870 750 894 794 s,
920 750 947 790 v.
969 719 1176 808 Ἀκουσίλαος,
1210 753 1248 794 ex
1275 732 1403 814 loseph.

234 853 260 895 c.
277 830 342 914 Ap.
360 832 431 912 13‚-
451 854 489 896 ex
506 832 663 900 Menand.
680 833 756 918 περὶ
773 831 925 904 tactam,
951 815 983 898 in
1001 835 1113 900 Rhett.
1140 835 1199 900 Gr.
1218 838 1273 901 IX
1291 860 1320 920 p.
1342 842 1403 902 144

234 938 339 1002 Walz.
371 938 474 1002 Haud
498 960 591 1003 secus
606 939 825 1021 intellegenda
842 947 891 1004 est
906 961 968 1004 vox
985 938 1299 1026 {ereptufragmcnti
1317 942 1405 1026 3¹⁶1)

232 1045 307 1109 Hoc
319 1045 583 1129 genealogiarum
597 1067 678 1128 opus
687 1048 873 1130 complexus
887 1055 936 1112 est
947 1047 1197 1132 Oosmogoniam
1210 1050 1282 1133 (frg.
1296 1053 1402 1132 1—3),

232 1151 456 1233 Theogoniam
479 1153 553 1236 (lrg.
571 1155 693 1236 9--ll)
716 1155 837 1237 primos
859 1153 1015 1236 homines,
1042 1156 1205 1238 diluvium,
1232 1157 1404 1222 Deucalio-

231 1281 304 1324 nem
340 1267 438 1343 atque
473 1260 644 1343 Pyrrhanq
681 1281 792 1325 eorum
828 1263 1015 1344 progeniem
1051 1261 1126 1347 (frg.
1154 1267 1193 1328 16
1220 1265 1286 1349 ss),
1311 1264 1404 1340 fabu-

232 1366 280 1430 las
304 1367 422 1430 deinde
447 1367 509 1449 (vel
533 1368 642 1450 potius
660 1368 867 1450 genealogias
891 1368 1010 1433 fabulis
1027 1368 1193 1454 immixtis)
1218 1393 1283 1434 non
1307 1371 1402 1436 modo

234 1475 277 1538 ad
292 1474 555 1556 Peloponnesum
573 1475 786 1556 pertinentes,
810 1474 951 1559 Argivas
969 1476 1040 1540 dico
1065 1477 1152 1559 (vide
1170 1481 1280 1561 supra)
1304 1479 1402 1544 Eleas

231 1582 304 1664 (frg.
330 1585 385 1663 34)
410 1579 634 1665 Sicyoniasl‘?
657 1581 717 1664 frg.
739 1581 791 1666 12)
816 1581 897 1645 alias
922 1583 991 1646 sine
1015 1582 1124 1667 dubio,
1149 1585 1326 1649 sedetiam
1353 1607 1403 1650 ce·

231 1695 310 1752 torae
342 1685 491 1768 Graeciae,
524 1686 654 1752 Atticas
685 1687 780 1773 (frgg.
806 1691 929 1774 3038)
961 1689 1127 1755 Boeoticas
1159 1690 1254 1776 (frgg.
1279 1695 1318 1755 31
1346 1695 1402 1773 33)

231 1793 437 1859 Thessalicas
461 1795 555 1878 (frgg.
581 1779 623 1858 2‘0
648 1799 687 1859 21
715 1796 788 1878 32);
813 1796 935 1859 insulas
953 1798 1207 1881 spectant-frgg.
1239 1802 1401 1878 131440,

230 1908 353 1968 terram
376 1903 596 1966 continentem
622 1901 802 1966 Asiaticam
828 1902 888 1984 frg.
907 1906 949 1966 33
973 1903 1047 1986 (frg.
1067 1907 1106 1968 15
1124 1905 1263 1988 incert).
1297 1905 1401 1989 Quas-

230 2029 304 2072 nam
329 2015 491 2091 praeterea
507 2015 621 2090 gentes
646 2030 791 2092 quosque
808 2011 1000 2074 tractaverit
1015 2011 1152 2092 populos
1177 2018 1209 2079 et
1233 2034 1401 2096 quousque

229 2121 417 2197 temporum·
437 2114 644 2180 descenderit
663 2114 846 2197 Acusilaus,
872 2116 1043 2180 diiudicari
1066 2119 1180 2200 nequit
1196 2126 1330 2203 propter
1353 2121 1401 2185 in·

230 2222 336 2305 opiam
368 2222 633 2304 fragmentorum,
665 2224 792 2305 quaein
817 2224 1016 2307 genealogiis
1047 2231 1146 2306 atque
1179 2226 1297 2309 mythis
1331 2248 1401 2292 sese

231 2329 408 2393 continent.
455 2329 657 2412 Fragmenta
689 2328 808 2412 (neque
841 2329 902 2392 hac
933 2331 965 2393 in
990 2351 1025 2394 re
1050 2337 1275 2401 coeterorum
1305 2332 1401 2398 huius

231 2436 358 2520 generis
383 2437 575 2518 scriptorum
593 2435 739 2518 reliquiis
756 2433 925 2520 differunt)
951 2436 1046 2501 modo
1070 2438 1277 2521 genealogias
1301 2440 1401 2504 exiles

229 2542 324 2606 modo
349 2541 486 2607 fabellas
511 2542 674 2611 exhibent.
708 2542 761 2607 lta
784 2543 884 2625 igitur
907 2550 1022 2608 auctor
1045 2547 1214 2610 materiem
1231 2545 1402 2629 disposuit,

230 2656 267 2714 ut
289 2651 459 2733 prosapias
483 2650 578 2714 nobis
602 2656 808 2733 proponeret,
842 2650 959 2732 quibus
982 2657 1091 2715 tamen
1115 2652 1297 2717 innecteret
1319 2675 1400 2737 quas

229 2758 452 2839 unusquisque
475 2756 610 2820 heroum
643 2757 694 2820 vel
721 2756 890 2820 heroidum
923 2779 975 2822 res
1000 2759 1135 2842 gesserit
1166 2781 1302 2842 quaeque
1332 2759 1401 2825 fata

229 2863 375 2928 subierit.

318 2969 368 3035 At
389 2968 588 3054 genealogiae
613 2970 775 3053 quomodo
807 2971 942 3054 singulis
974 2972 1190 3036 attribuendae
1222 2974 1287 3038 sint
1309 2973 1400 3039 libris

229 3098 421 3161 quaeramus.
468 3077 644 3141 Librorum
676 3083 785 3141 tamen
809 3079 995 3161 partitionis
1026 3079 1170 3162 prolecto
1194 3101 1257 3144 non
1282 3078 1400 3146 Acusi-

228 3185 310 3267 laus‚
334 3185 430 3248 immo
455 3185 685 3267 grammaticus
710 3184 841 3266 quidam
866 3192 981 3249 auctor
1004 3193 1062 3250 est.
1094 3185 1201 3252 Valde
1226 3186 1399 3251 dolendum

228 3299 287 3373 est,
312 3297 467 3375 quattuor
483 3299 609 3356 tantum
627 3290 811 3374 fragmenta
835 3292 877 3356 ud
900 3293 1113 3375 quaestionem
1131 3292 1318 3358 solvendam
1342 3316 1398 3359 an·

229 3421 297 3464 sam
321 3398 409 3463 dare.
458 3397 543 3463 Sunt
566 3405 675 3462 autem
701 3399 784 3462 haec:
810 3399 888 3484 Frg
915 3404 948 3464 l:
982 3391 999 3462 ὁ
1021 3407 1097 3482 γοῦν
1114 3390 1315 3476 Ἀκουσίλαος
1338 3398 1399 3464 διὰ

203 3513 291 3590 τῆς
320 3502 471 3591 πρώτης
501 3503 675 3587 ἱστορίας
706 3502 886 3592 δεδήλωκεν,
911 3500 961 3569 ὅτι
984 3497 1144 3592 Ἁχελῷος
1175 3505 1306 3572 πάντων
1335 3513 1399 3571 τῶν

226 3619 384 3695 ποταμῶν
406 3609 634 3698 πρεσβύτατος.
661 3612 711 3677 Of.
729 3612 787 3696 frg.
812 3613 852 3677 1³.
884 3652 917 3659 -
944 3614 1021 3696 Frg.
1049 3617 1104 3677 12:
1128 3605 1339 3690 Ἀκουσίλαος
1362 3611 1399 3678 ίν

227 3722 344 3804 τρίτῳ
368 3718 623 3802 γενεαλογιεῦν
646 3717 755 3804 κύριον
770 3712 885 3806 ἤκουσε
908 3717 945 3784 τὸ
968 3711 1147 3801 Ἐχέπωλος
1164 3714 1284 3796 οὕτως.
1301 3770 1330 3788 ..
1356 3759 1399 3768 -

226 3828 304 3909 Frg.
332 3829 386 3892 13:
410 3817 623 3903 Ἀκουσίλαος
654 3827 692 3893 ἐν
715 3852 757 3913 τῃ
778 3831 887 3913 τρίτῃ
919 3831 1026 3914 φησίν,
1056 3820 1108 3891 ὅτι
1131 3823 1165 3891 ἐκ
1188 3837 1244 3912 τῆς
1266 3823 1399 3914 acropus

226 3940 283 3996 τοῦ
302 3923 441 4016 Οίρανοῦ
464 3932 593 4018 ῥανίδας
609 3930 812 4018 ίνενεχθῆναι
835 3937 1016 4016 συνέπεσεν,
1032 3983 1060 3996 ..
1086 3931 1121 4011 ἐξ
1142 3923 1185 3998 ὧν
1207 3937 1399 4020 γεννηθῆναι

226 4037 301 4116 τοὺς
319 4043 469 4115 Φαίακας.
494 4079 522 4088 -
547 4041 624 4122 Frg.
647 4046 701 4104 14:
718 4033 880 4127 Ὁμηρίδαι
895 4045 985 4123 γένος
1000 4041 1033 4105 ὲν
1048 4045 1132 4126 Χίῳ,
1150 4035 1231 4127 ὅπερ
1246 4031 1399 4106 Ἀκουσί-

224 4146 301 4222 λαος
324 4143 361 4210 ἐν
384 4144 413 4230 γ’
429 4195 434 4208 .
450 4198 456 4211 .
474 4195 479 4208 .
500 4138 574 4210 οἷοί)
596 4155 654 4211 τοῦ
676 4155 812 4232 ποιητοί
837 4168 935 4233 φησιν
959 4139 1164 4228 ὠνομάσθαι.

315 4288 360 4354 ¹⁶⁰)
382 4291 418 4340 Cf.
447 4306 489 4340 cx.
511 4307 549 4353 gr.
572 4293 664 4340 Hecat.
687 4293 753 4355 lrgg.
780 4290 832 4341 333
852 4289 985 4342 338343.
1023 4292 1190 4356 Pherecydis
1217 4307 1289 4354 opus
1315 4293 1398 4342 modo

224 4378 361 4448 Ἱστορίαν
381 4380 463 4429 modo
483 4377 674 4447 Γενεαλογίαι
695 4381 905 4431 inscribebatur.
