3486 5116
742 467 962 528 ...75-

354 659 532 725 Olementis
556 659 773 724 Alexandrini
803 665 902 742 atque
933 659 1067 742 Iosepbi
1098 659 1286 724 testimonia
1320 660 1347 723 si
1374 660 1440 722 iam

264 768 494 848 examinamus,
520 788 575 831 eos
600 788 665 830 non
683 767 842 830 erravisse
866 765 960 830 nobis
978 764 1222 830 concedendum
1239 772 1298 831 est.
1332 763 1440 849 Scrip-

264 881 313 938 tor
338 874 422 937 enim
447 874 502 956 qui
526 895 608 957 opus
632 873 682 936 vel
713 873 898 956 fragmenta
920 871 1070 936 Acusilai
1102 873 1209 936 obiter
1239 877 1367 936 tantum
1391 875 1439 937 in·

238 1033 240 1038 .
264 981 422 1063 spiciebat
447 986 479 1044 et
503 979 590 1044 ultro
614 979 655 1043 de
679 979 920 1044 necessitudine
953 1001 1025 1062 quae
1053 979 1140 1044 inter
1163 985 1315 1044 auctores
1339 979 1439 1044 inter-

263 1093 407 1151 cesserat
430 1087 549 1150 certior
571 1085 679 1150 fectus
704 1092 785 1166 erat,
810 1084 1001 1170 Acusilaum
1025 1087 1171 1150 carmina
1194 1086 1362 1151 Hesiodea
1387 1109 1436 1151 so-

262 1193 331 1256 luta
355 1193 554 1276 expressisse
585 1193 733 1256 oratione
768 1192 874 1258 dicere
905 1199 1044 1276 poterat.
1102 1192 1339 1276 Nequaquod
1369 1195 1439 1276 qui·

263 1301 334 1364 dem
359 1307 505 1364 nostrum
537 1301 655 1364 attinet
678 1295 923 1364 Alexandrinus
954 1301 1109 1364 mentitus
1134 1305 1184 1363 est
1207 1320 1280 1363 cum
1312 1300 1435 1364 diceret

262 1399 306 1482 ὡς
328 1403 394 1470 ἴδια
419 1403 595 1494 episcpous,
626 1427 702 1469 nam
725 1427 766 1470 ne
788 1401 961 1489 ¹vestigium
994 1406 1125 1488 quidem
1149 1406 1301 1488 detegere
1324 1428 1438 1489 possu-

262 1535 343 1596 mus,
371 1513 565 1578 Acusilaum
588 1513 712 1577 fontem
737 1535 830 1577 snum
853 1513 1045 1577 nominatim
1070 1511 1297 1595 attulisse31⁵⁶>
1329 1513 1436 1594 imme,

261 1621 288 1683 si
311 1621 382 1684 iure
406 1621 453 1684 ait
478 1619 640 1702 Clemens,
664 1620 838 1684 Eumelum
863 1627 896 1685 et
911 1617 1113 1706 Acusilaum,
1138 1641 1210 1702 quae
1235 1641 1275 1684 ex
1297 1619 1437 1684 Hesiodi

261 1727 458 1791 carminibus
492 1727 688 1808 hausissent,
719 1727 813 1809 quasi
836 1728 970 1810 propria
1000 1728 1034 1790 in
1058 1726 1224 1809 publicum
1248 1726 1436 1808 protulisse,

261 1833 336 1898 inde
361 1834 514 1916 colligere
545 1856 728 1917 possumus,
759 1855 878 1898 nomen
901 1833 1042 1898 Hesiodi
1075 1833 1116 1898 ab
1140 1833 1205 1898 illis
1239 1833 1438 1898 occultatum

263 1963 342 2008 esse.
390 1940 626 2005 Testimonium
651 1939 841 2022 Clementis,
874 1941 926 2004 oui
950 1940 1099 2005 Acusilai
1129 1939 1261 2004 libriin
1284 1941 1438 2006 manibus

261 2068 326 2111 non
350 2047 479 2128 fuerint,
509 2069 575 2112 non
599 2047 696 2131 plane
722 2054 847 2111 certum
872 2053 930 2114 est.
977 2046 1025 2111 At
1059 2053 1206 2112 nostrum
1236 2069 1302 2111 non
1334 2048 1438 2112 solum

260 2153 399 2218 Hesiodi
431 2155 676 2238 compilatorem
707 2154 808 2218 fnisse
839 2175 890 2218 me
918 2154 978 2218 tibi
1008 2153 1177 2236 hucusque
1210 2154 1276 2216 iam
1307 2153 1438 2218 demon·

261 2265 381 2324 strasse
416 2281 612 2344 magnopere
648 2257 844 2344 confid0.¹⁵⁷)
890 2259 1096 2327 Vocabulum
1120 2258 1319 2345 διορθοῦται,
1350 2260 1437 2342 quod

260 2365 420 2449 Iosephus
445 2366 584 2445 exbibet,
609 2367 692 2431 bene
710 2388 744 2431 se
762 2367 876 2449 habet,
901 2367 970 2431 sine
989 2367 1087 2432 dubio
1106 2367 1279 2432 Acusilaus
1304 2388 1342 2431 ea
1366 2387 1437 2430 cor-

261 2473 366 2557 rigere
391 2474 520 2538 volebat
544 2495 616 2556 quae
641 2474 670 2537 ei
694 2473 734 2538 ab
759 2473 907 2538 Hesiodo
940 2495 1004 2537 non
1035 2474 1115 2538 satis
1138 2480 1227 2538 recte
1253 2474 1341 2538 dicta
1366 2495 1437 2537 esse

261 2579 465 2644 videbantur.

349 2704 432 2768 Haec
455 2706 520 2768 iam
544 2704 683 2769 sufficiat
707 2727 746 2769 ex
771 2727 843 2768 meo
867 2705 1002 2770 consilio
1028 2706 1147 2769 dixisse
1173 2705 1212 2768 de
1237 2705 1298 2768 hac
1321 2725 1367 2774 rc.
1425 2725 1430 2734 ²

726 3150 880 3216 CAPUT
905 3151 966 3217 IV.

355 3344 511 3423 Variae
538 3345 829 3444 quaestiones
859 3345 921 3424 ad
952 3343 1158 3424 Acusilai
1187 3343 1334 3423 libros

692 3485 999 3586 pertinentes,
1022 3480 1024 3488 ⁴

349 3698 476 3783 Quibus
498 3701 668 3784 perpensis
684 3708 799 3782 restat,
824 3709 860 3765 ut
884 3709 993 3765 cetera
1015 3722 1086 3782 quae
1112 3699 1151 3764 de
1169 3699 1326 3764 Acusilao
1352 3701 1435 3764 eins-

259 3829 322 3888 que
346 3806 437 3870 libris
469 3809 538 3871 erui
562 3816 700 3890 possunt
729 3809 841 3891 paucis
874 3829 1083 3892 exponamus
1131 3805 1212 3890 Quae
1238 3828 1434 3890 quamquam

258 3914 421 3996 permulta
453 3936 523 3978 esse
559 3923 727 3998 nequeunt
761 3923 897 3998 propter
929 3915 1185 3998 fragmentorum
1220 3915 1432 3997 paucitatem,

348 4124 393 4187 15⁶)
415 4129 572 4177 Scliwartaii
594 4130 732 4178 sententia
754 4129 948 4192 (Pauly-Wiss.
969 4143 991 4177 s.
1006 4144 1030 4177 r.
1046 4129 1203 4186 lknsilaos)
1224 4128 1271 4190 qui
1292 4128 1369 4176 locos
1390 4129 1435 4174 oli-

258 4232 357 4266 srnros
377 4224 503 4268 nostrum
524 4219 733 4281 interpretatum
752 4233 817 4269 esse
844 4219 940 4268 statuit
959 4223 986 4267 et
1005 4219 1133 4280 exempla
1153 4219 1230 4266 allent
1249 4218 1297 4280 lrg.
1311 4215 1329 4267 8
1342 4222 1368 4266 et
1392 4207 1433 4268 12.

258 4322 321 4356 meo
341 4309 454 4369 quidem
474 4309 576 4357 iudicio
596 4309 709 4357 minime
729 4315 772 4358 est
793 4309 920 4370 probata;
941 4309 975 4358 cl.
994 4309 1057 4357 adn.
1077 4305 1119 4357 34.

349 4395 395 4460 157)
415 4400 454 4448 lta
474 4400 529 4447 iarn
549 4401 653 4461 optimc
674 4400 841 4462 Bernhardy,
863 4398 968 4447 Grierlr.
990 4398 1066 4460 Littg.
1082 4393 1137 4463 Ip.
1158 4397 1217 4450 ⁸257.
