3486 5116
734 449 954 511 „29-

257 640 461 705 Deucalione
479 640 672 724 Pyrrhaquc
691 641 816 725 (primis
841 653 915 724 post
932 641 1069 705 eluviem
1087 639 1288 723 hominibus3
1313 640 1352 705 cf.
1372 641 1431 725 frg.

259 753 325 831 20),
351 749 391 812 de
417 770 529 813 corum
550 749 706 831 progenie
730 748 782 830 (cf,
799 747 859 832 frg.
878 745 944 833 21),
970 749 1010 812 de
1033 754 1216 831 temporum
1240 747 1431 812 rationibus.

258 856 310 919 Ex
334 856 479 921 Eusebio
505 856 554 938 (X
582 857 634 938 10)
660 861 807 938 apparet,
840 855 1018 920 secundum
1042 853 1234 921 Acusilaum
1258 853 1433 918 Phoroneo

258 963 458 1046 Argivorum
481 984 557 1046 rege
580 964 719 1045 primam
743 969 842 1045 atque
864 984 1014 1047 magnam
1038 962 1137 1027 luisse
1161 961 1353 1026 eluvionem.
1382 961 1434 1024 Ex

259 1069 371 1134 eodem
411 1090 541 1153 quoque
573 1069 723 1134 concludi
750 1076 860 1153 potest
886 1076 1035 1135 nostrum
1062 1076 1244 1153 temporum
1272 1069 1433 1133 rationem

261 1177 408 1260 attigisse
417 1177 454 1260 ⁵³)
488 1176 544 1262 (cf.
582 1198 651 1261 cap.
688 1177 762 1260 IV).
809 1174 910 1261 Apud
950 1175 1244 1261 Chronographum
1284 1175 1433 1241 Acusilai

260 1285 445 1369 opinionem
477 1285 510 1348 in
535 1284 598 1350 illis
624 1281 747 1364 Ἰνάχου
769 1283 828 1350 τοῦ
854 1282 1043 1372 Φορωνέως,
1075 1279 1112 1357 ὃς
1135 1282 1269 1372 πρῶτος
1285 1281 1433 1371 ’Ἄργους

260 1391 470 1476 ἐβασίλευσεν
493 1413 527 1456 se
552 1393 719 1458 continere
743 1393 882 1456 videtur.

348 1525 487 1590 Interim
511 1526 607 1590 velim
624 1525 810 1610 Syncellum
835 1528 975 1592 omittas.
1009 1525 1097 1610 Quid
1121 1524 1249 1594 restat?
1276 1526 1433 1592 Narratio

259 1657 376 1718 nempe
407 1635 646 1699 evidentissime
679 1657 719 1698 ex
742 1631 892 1699 Acusilai
923 1635 1060 1717 Argivi
1092 1634 1275 1698 rationibus
1307 1633 1434 1698 coufor-

259 1748 364 1806 mata:
411 1742 542 1806 Primus
573 1742 739 1806 hominum
764 1743 889 1826 primus
913 1741 1109 1825 Argivorum
1134 1741 1195 1806 luit
1220 1764 1288 1808 rex.
1336 1740 1434 1825 Quod

259 1850 365 1932 ipsum
390 1870 430 1912 ex
460 1849 685 1912 Phoronide
716 1856 863 1913 nostrum
887 1848 1035 1913 hausisse
1065 1847 1194 1934 probat,
1226 1849 1345 1932 quippe
1370 1870 1434 1930 quo

260 1957 293 2020 in
318 1957 461 2020 carmine
486 1963 574 2021 certo
591 1957 786 2021 Phoroneus
802 1957 955 2040 princeps
971 1955 1125 2039 fuerit.⁵⁴)
1154 1955 1331 2020 Acusilaus
1355 1977 1433 2020 sanc

261 2085 332 2128 cum
357 2064 592 2146 rationalismo,
618 2085 712 2146 quem
728 2085 787 2128 nos
813 2063 958 2142 dicimus,
982 2062 1108 2127 faveret
1123 2062 1344 2146 Phoroneum,
1369 2084 1431 2126 non

260 2171 419 2236 Iuachum
444 2169 576 2235 fluvium
601 2172 729 2254 generis
750 2170 881 2235 humaui
905 2170 1084 2253 principem
1108 2170 1200 2234 fecit:
1233 2168 1321 2252 quod
1345 2176 1433 2233 certe

260 2300 325 2342 nou
350 2277 594 2358 mirabimur.⁵⁵)
630 2277 727 2362 Quod
750 2279 910 2360 Argivum
934 2278 1074 2361 primum
1098 2276 1281 2340 mortalium
1308 2277 1433 2358 habuit,

260 2386 335 2450 huic
359 2385 480 2469 populo
505 2407 539 2450 sc
563 2386 761 2469 praecipuum
786 2386 931 2450 tribuere
956 2385 1112 2448 honorem
1136 2384 1305 2466 professus
1329 2390 1388 2448 est.

350 2519 535 2604 Syncellum
560 2543 578 2586 a
603 2521 720 2585 ceteris
745 2519 922 2584 abhorrere
939 2519 1099 2601 videmus3
1124 2521 1215 2584 cuius
1239 2519 1434 2602 opinionem,

260 2627 404 2692 Eusebio
439 2629 512 2710 nisi,
549 2629 576 2692 si
607 2628 816 2710 corrigamus,
851 2628 954 2691 omnis
986 2633 1133 2691 servatus
1165 2632 1215 2690 cst
1246 2631 1434 2692 concentus.

260 2734 422 2818 Equidem
448 2736 531 2799 enim
558 2735 716 2800 erravisse
741 2734 1024 2818 chronographum
1053 2754 1234 2817 propensus
1259 2755 1328 2796 sum
1353 2732 1435 2796 iudi·

261 2863 344 2922 care,
377 2843 559 2925 pracsertim
585 2864 657 2906 cum
681 2842 843 2924 quomodo
867 2843 901 2906 iu
925 2863 1067 2906 errorem
1100 2840 1251 2904 inciderit
1274 2839 1369 2904 facile
1394 2840 1436 2903 sit

261 2949 440 3033 explicatu:
473 2956 530 3014 aut
561 2971 755 3015 consensum
786 2947 936 3014 Acusilai
967 2970 1040 3014 cum
1063 2948 1212 3012 Hesiodo
1245 2947 1371 3012 efficere
1402 2948 1436 3011 in

260 3058 367 3122 animo
393 3063 472 3140 erat,
498 3058 618 3141 quippe
635 3079 773 3141 quorum
794 3063 900 3120 artam
924 3057 1129 3140 cognovisset
1152 3055 1435 3136 necessitudinem,

261 3172 318 3228 aut
342 3165 423 3229 duos
447 3164 521 3230 illos
545 3164 682 3230 Eusebii
705 3164 794 3229 locos
818 3164 867 3246 (X
894 3167 934 3228 10
959 3170 992 3228 et
1015 3163 1052 3226 X
1079 3166 1145 3248 12„
1160 3161 1216 3226 ubi
1240 3162 1435 3226 Phoroneus

261 3269 279 3338 ὁ
301 3269 372 3353 μοι’
388 3270 514 3352 Ἴναχον
537 3271 735 3357 appellatur)
759 3270 987 3355 conjungebat.

348 3503 381 3569 aa)
402 3507 441 3555 Ex
455 3505 648 3570 Olympiadum
668 3508 774 3557 ratione
793 3521 882 3556 annos
901 3507 1057 3556 certissime
1072 3520 1126 3554 non
1142 3505 1304 3554 numeravit.
1332 3504 1437 3553 Erravit

261 3597 343 3659 igitur
362 3596 464 3645 Teullel
491 3597 518 3644 in
538 3597 616 3646 Paul.
642 3593 797 3661 encyclop.1
823 3611 847 3648 v,
867 3596 1043 3644 Phoroneus:
1084 3595 1249 3658 „Akusilaus
1274 3598 1359 3644 setzte
1382 3595 1435 3642 den

262 3686 423 3734 Phoroneus
443 3683 513 3735 1200
533 3685 593 3749 (sic)
613 3686 695 3734 Jahre
715 3699 764 3734 vor
783 3686 827 3734 die
847 3690 920 3734 erste
941 3683 1129 3748 Olympiade.“

352 3772 384 3836 l¹)
405 3775 465 3823 Duo
485 3775 603 3824 sortasse
622 3775 784 3836 Argivorum
804 3779 952 3824 stemmata
971 3774 1076 3822 auctori
1097 3778 1199 3835 prrosto
1219 3773 1316 3833 luisse,
1348 3773 1436 3834 suspi-

261 3868 340 3913 catur
358 3865 457 3927 Meper,
479 3865 589 3915 Forsoh.
610 3880 633 3912 z.
654 3865 699 3912 alt.
721 3863 819 3916 Gesch.
839 3865 850 3912 Ι
869 3879 894 3926 p.
914 3862 950 3915 89
970 3877 1008 3914 ss,

350 3951 384 4020 hl)
405 3954 442 4005 Cf.
463 3954 545 4006 Paua.
567 3955 589 4002 ll
610 3951 653 4012 15,
674 3952 704 4004 5:
725 3951 860 4022 Φορωνέα
880 3955 912 4003 ἐν
931 3957 962 4022 τῇ
982 3956 1018 4022 γῇ
1038 3951 1123 4020 ταύτῃ
1138 3951 1285 4016 (Argolide)
1300 3948 1437 4019 γενέσθαι

260 4048 380 4113 πρῶτον,
400 4041 521 4110 Ἴναχον
540 4041 570 4093 δὲ
589 4043 641 4093 οὐκ
660 4042 751 4112 ἄνδρα
768 4040 850 4093 ἀλλὰ
869 4042 918 4092 τὸν
936 4041 1066 4110 ποταμὸν
1084 4042 1192 4109 πατέρα
1211 4040 1437 4108 εἷναιΦορωνεῑ.

262 4134 328 4196 Ηχχς.
348 4149 373 4196 p.
393 4131 437 4193 23,
466 4132 499 4184 13
520 4133 625 4183 Schm:
657 4134 792 4198 ,Inachus
813 4132 914 4182 Oceani
934 4132 1009 4180 filius
1036 4145 1071 4180 ex
1091 4131 1171 4194 Argia
1191 4143 1285 4178 sorore
1306 4144 1358 4178 sua
1377 4144 1438 4192 pro·
1461 4195 1462 4200 ¹

261 4223 363 4271 creavit
383 4223 558 4272 Phoroneum
578 4223 624 4285 qui
645 4223 752 4285 primus
766 4222 925 4271 mortalium
945 4221 1045 4272 dieitur
1058 4234 1191 4284 regnasse
1211 4257 1323 4271 .....
1344 4219 1438 4281 itaque

261 4312 406 4360 exordium
420 4312 554 4374 regnandi
567 4313 679 4361 tradidit
693 4313 837 4361 Phoroneo
858 4311 928 4374 (scil.
943 4309 1087 4373 Iupiter)“;
1108 4310 1143 4357 id.
1159 4324 1183 4371 p.
1199 4306 1260 4368 149,
1281 4307 1315 4359 18
1330 4308 1436 4356 Schmz

262 4439 285 4466 „.
307 4438 313 4448 .
334 4401 381 4463 qui
402 4443 407 4454 ,
430 4438 435 4449 .
456 4401 563 4463 primus
582 4401 717 4464 regnandi
737 4404 902 4463 potestatem
923 4398 1045 4448 habuit.“
