3486 5116
808 422 1029 482 ,18-

333 610 421 695 Quid
444 613 567 695 igitur?
612 613 732 678 Nonne
764 613 826 678 hac
857 635 986 696 quoque
1017 636 1052 678 re
1087 613 1300 680 confirmatur
1332 597 1504 694 sententia,

331 725 480 784 nostrum
496 721 622 785 ratione
637 722 746 786 nescio
771 743 836 804 qua
852 743 925 784 cum
940 721 1087 786 Homero
1112 722 1173 788 hac
1189 724 1222 786 in
1240 744 1275 788 re
1299 723 1507 787 coniunctum

332 825 456 891 fuisse?

420 934 495 998 Hoc
508 932 657 1000 Acusilai
673 935 890 1020 fragmentum
908 937 937 999 ei
954 937 1061 1020 operis
1073 938 1160 1021 parti
1177 936 1408 1020 assignandum
1425 957 1506 1017 esse,

332 1064 397 1124 qua
427 1043 667 1124 cosmogoniam
699 1043 930 1126 explicaverat,
962 1049 995 1109 et
1020 1046 1180 1127 expressis
1212 1045 1319 1109 verbis
1343 1043 1506 1127 Didymus

331 1155 474 1213 testatur
485 1146 551 1235 (διὰ
564 1157 620 1235 τῆς
631 1147 763 1236 πρώτης
775 1147 934 1236 ἱστορίας)
947 1156 980 1214 et
992 1150 1190 1237 Theogoniae
1203 1151 1380 1216 Hesiodea
1393 1171 1506 1215 versus

332 1258 508 1322 337-370
532 1279 591 1322 nos
617 1256 750 1338 docent3
776 1257 916 1340 denique
940 1264 1167 1340 argumentum
1191 1259 1252 1323 hoc
1276 1259 1430 1343 postulat.

421 1435 522 1519 Frg.
546 1435 575 1499 8
601 1433 650 1520 (3)
681 1467 706 1485 =
737 1435 836 1501 schol.
863 1436 936 1501 Hes.
964 1437 1077 1520 Theop.
1103 1439 1169 1502 379
1191 1456 1223 1518 p.
1250 1439 1311 1503 ele
1336 1437 1416 1503 (lais
1437 1437 1507 1525 .³²):

410 1585 585 1681 Ἄρνέστην.
610 1593 664 1659 τὸν
689 1585 761 1672 ὀξὺν
782 1596 837 1659 καὶ
861 1594 956 1676 ταχὺν
980 1597 1034 1660 καὶ
1056 1595 1203 1682 καθαρὸν
1219 1589 1377 1685 >έργέοτην
1400 1603 1506 1686 Ζέφυ-

331 1726 385 1788 ρον
408 1699 491 1767 elne.
515 1706 660 1788 Ζέφυρον
683 1702 716 1766 δὲ
738 1703 823 1786 λέγει
846 1703 900 1768 τὸν
925 1691 1038 1789 Εὗρον.
1065 1714 1143 1768 Πνεῑ
1166 1704 1199 1769 δὲ
1213 1697 1387 1792 κ’ίργέστης,
1413 1699 1430 1771 ὁ
1453 1707 1507 1771 καὶ

331 1797 433 1894 Εὖρος
456 1809 656 1893 καλούμενος,
681 1802 749 1875 dard
772 1802 936 1898 ἀνατολῆς,
968 1804 985 1876 ὁ
1009 1811 1041 1875 δέ
1064 1816 1208 1898 Ζέφυρος
1231 1804 1299 1877 ἀπὸ
1327 1813 1457 1892 δύσεως,
1490 1805 1507 1878 ὁ

332 1916 365 1981 δὲ
380 1925 503 2003 Βορρᾶς
515 1909 583 1982 ἀπὸ
598 1926 654 2005 τῆς
669 1910 795 2004 ἄρκτου,
814 1919 868 1982 καὶ
885 1911 1021 1995 ὃΝόυος
1033 1910 1101 1984 α’νεὸ
1112 1924 1320 2006 μεσημβρίας.
1338 1912 1507 1988 Ἀκουσέ-

304 2045 316 2083 5
330 2024 420 2102 λαος
434 2024 467 2088 δὲ
482 2037 568 2111 τρεῖς
583 2017 718 2108 α’νέμους
734 2021 816 2089 εἶναι’
834 2045 914 2113 φησι
930 2025 1011 2090 κατὰ
1026 2018 1179 2105 Ἡσίοδον,
1204 2035 1336 2111 Βορρᾶν,
1361 2031 1505 2114 Ζέφυρον

331 2133 385 2195 καὶ
401 2131 516 2198 Νότον·
534 2141 590 2197 τοῦ
606 2132 666 2218 γὰρ
682 2131 829 2220 Ζεφύρου
842 2130 999 2197 ἐπίθετον
1015 2132 1053 2198 τὸ
1065 2127 1242 2220 Ἀργέονην
1257 2129 1507 2221 φησίν-(Όμηρος

332 2241 377 2324 (Λ
402 2244 478 2323 306)
504 2232 772 2327 εἶπενᾍργέσυην
794 2239 849 2306 τὸν
872 2239 1065 2309 λευκόνοτον.
1089 2250 1185 2305 τοῦτο
1208 2233 1296 2327 ἆρχε),
1321 2232 1507 2327 <implendam

333 2352 422 2434 φησί.
454 2352 608 2434 Ζηυηυέον
631 2347 665 2412 δὲ
688 2342 738 2412 ὅτι
766 2348 866 2433 χωρὶς
894 2347 1068 2430 συνδέσμου
1091 2340 1269 2435 Ἀργέστην
1292 2353 1436 2436 Ζέφυρον
1460 2343 1506 2412 εἶ-

332 2456 447 2540 νοενέῧ)

422 2615 553 2682 Scholia
566 2616 735 2681 Hesiodea
754 2623 874 2700 praeter
887 2624 997 2682 cetera
1010 2616 1177 2681 incondita
1196 2623 1295 2700 atque
1316 2617 1508 2700 perturbata

332 2722 425 2788 nobis
438 2725 559 2788 tradita
576 2745 646 2788 esse
664 2725 813 2788 omnibus
830 2731 951 2788 notum.
977 2725 1027 2789 Ac
1043 2725 1179 2808 primum
1194 2725 1414 2807 quaerendum,
1429 2729 1508 2806 quot

332 2836 444 2894 ventos
463 2852 532 2895 esse
545 2830 713 2895 Hesiodus
727 2833 901 2915 putaverit.
940 2830 1027 2915 Quin
1041 2839 1138 2914 poeta
1151 2837 1218 2895 tres
1236 2832 1413 2914 agnoverit,
1433 2838 1508 2914 post

331 2937 514 3000 Usenerum
538 2938 573 3022 (l.
599 2937 639 3022 c.)
663 2961 729 3002 non
753 2939 817 3002 iam
853 2938 986 3002 dubium
1018 2946 1076 3019 est,
1112 2939 1167 3020 qui
1192 2939 1233 3003 ad
1258 2938 1320 3002 hoc
1351 2938 1506 3001 iudicium

332 3043 588 3108 confirmandum
606 3046 728 3128 optimo
745 3047 816 3109 iure
834 3045 984 3109 adhibuit
1000 3044 1148 3110 Acusilai
1165 3046 1398 3127 testimonium,
1416 3045 1507 3109 cuius

331 3151 614 3234 necessitudinem,
649 3174 713 3234 qua
743 3174 815 3216 cum
838 3152 988 3216 Hesiodo
1018 3153 1210 3235 conjunctus
1235 3152 1342 3231 fuerit,
1375 3152 1507 3216 aliunde

332 3259 412 3322 satis
438 3260 600 3340 cognitam
624 3259 813 3324 habeamus

420 3364 614 3430 Acusilaum
639 3389 768 3448 quoque
792 3368 893 3450 igitur
915 3375 984 3432 tres
1001 3389 1271 3433 commemorasse
1298 3375 1411 3432 ventos
1435 3367 1507 3432 luce

332 3482 381 3538 est
405 3474 534 3538 clarius.
568 3473 686 3538 Restat
700 3474 782 3538 illud
799 3482 855 3539 τοῦ
871 3472 933 3560 γὰρ
948 3473 1096 3562 Ζεφύρου
1114 3472 1271 3540 ἐπίθετον
1286 3473 1324 3540 τὸ
1339 3465 1508 3562 Ἀρνέονην

332 3584 422 3668 φησί.
448 3581 527 3647 Veri
545 3588 594 3645 est
611 3581 871 3667 dissimillimum,
888 3581 1081 3648 Acusilaum
1095 3584 1258 3666 expressis
1272 3583 1380 3648 verbis
1393 3573 1507 3668 Ἀργέ-

331 3708 407 3772 ονρν
430 3688 575 3770 Zephyri
593 3689 761 3771 epitheton
777 3691 979 3772 nominasse,
1003 3691 1100 3754 immo
1118 3691 1350 3772 grammaticus
1373 3690 1427 3754 ille
1453 3691 1507 3772 qui

332 3796 452 3877 optime
477 3792 627 3858 Acusilai
658 3794 728 3859 loco
759 3797 800 3860 ad
834 3803 956 3860 rectam
989 3818 1101 3862 versus
1124 3797 1283 3861 Hesiodei
1313 3798 1506 3880 interpreta-

420 4009 451 4072 32)
474 4013 575 4061 Scholii
595 4013 814 4074 conceptionem,
835 4026 920 4074 quam
941 4013 1023 4061 Flach
1044 4010 1073 4078 (l.
1089 4029 1111 4063 c.
1126 4028 1151 4075 p.
1172 4010 1233 4075 251)
1255 4013 1368 4075 praehet,
1390 4013 1508 4062 abicien-

332 4102 396 4149 dam
416 4116 481 4150 esse
501 4116 589 4164 nuper
608 4116 660 4150 nos
680 4102 774 4150 docuit
794 4102 908 4161 Usener,
930 4102 980 4151 Rh.
1000 4102 1032 4149 ll.
1054 4103 1132 4153 LVlll
1153 4100 1243 4166 (1903)
1264 4117 1290 4165 p.
1310 4102 1334 4154 5.

419 4187 452 4254 33)
473 4191 511 4239 Cl.
537 4191 704 4239 Schoemann
732 4204 829 4252 opusc⁸
859 4190 881 4239 ll
906 4189 959 4242 51ss
985 4205 1021 4252 s.;
1050 4191 1131 4251 Riihl,
1159 4191 1219 4240 Jhb.
1247 4192 1264 4242 l.
1291 4191 1360 4240 Phil.
1388 4207 1413 4241 u.
1441 4192 1508 4244 rad.

332 4277 402 4329 1870
421 4293 446 4340 p.
467 4278 514 4340 203
536 4281 628 4340 Flach,
650 4281 667 4328 l.
687 4295 710 4329 c.
731 4295 755 4342 p.
777 4278 828 4330 103
848 4294 871 4329 ε.
891 4278 950 4330 113.
970 4277 1033 4340 1203
1060 4281 1195 4339 liparen,
1218 4281 1256 4329 De
1277 4281 1387 4331 emend.
1407 4281 1508 4343 Theog.

331 4384 356 4430 p.
377 4367 430 4419 470
450 4383 503 4431 ss,
525 4370 639 4427 Usener,
662 4372 678 4419 l.
698 4384 721 4417 c.
742 4385 767 4431 p.
787 4371 803 4422 ε’)
824 4383 846 4418 S.
