3486 5116
796 455 1018 514 ..62„.

319 648 405 712 tiunt
420 647 568 712 homines
584 645 682 725 docti,
708 666 846 729 quorum
862 645 918 710 alii
942 667 1001 730 pro
1018 644 1186 722 Acusilao,
1211 647 1494 712 contradixerunt

319 751 443 835 alium)
472 753 620 819 Fortiter
643 774 682 818 ac
705 758 839 817 strenuo
863 760 904 833 et,
930 760 967 817 ut
989 753 1069 817 mihi
1092 754 1223 836 quidem
1248 753 1385 834 videtur,
1410 755 1493 838 opti-

318 882 371 926 mo
396 862 466 925 iure
490 859 587 924 fidem
611 860 868 946 fragmentorum
893 861 1117 943 pronuntiavit
1133 859 1336 944 Lipsius.¹³⁸)
1370 859 1496 926 Genui-

318 990 396 1033 num
419 967 568 1033 Acusilai
602 989 685 1050 opus
708 972 828 1050 praeter
851 967 933 1032 alios
964 969 1063 1033 etiam
1087 969 1137 1031 vir
1160 969 1240 1033 artis
1264 967 1385 1032 criticae
1408 970 1496 1051 peri·

318 1075 462 1140 tissimus
484 1073 679 1139 iudicavisse
705 1073 833 1138 videtur
857 1074 916 1157 irg.
944 1077 1000 1156 123
1032 1076 1129 1140 etiam
1154 1073 1356 1158 Hermippus
1381 1073 1496 1157 (FHG

319 1181 430 1247 [1137
444 1181 505 1266 frg.
516 1181 561 1266 8),
575 1182 630 1264 qui
643 1183 719 1245 item
733 1181 819 1246 inter
832 1182 917 1246 viros
931 1181 1079 1246 doctrina
1091 1188 1286 1264 praestantes
1300 1182 1406 1246 aetatis
1417 1180 1499 1246 Ale-

319 1288 488 1354 xandrinae
510 1296 712 1371 numeratur,
737 1287 777 1352 de
793 1286 951 1353 Acusilao
976 1288 1064 1353 haud
1081 1288 1300 1372 spernendum
1316 1288 1391 1352 tulit
1413 1287 1497 1351 indi·

320 1397 415 1474 cium,
440 1401 565 1479 septem
590 1395 793 1478 sapientibus
818 1417 890 1460 eum
915 1395 1143 1460 adnumerans.
1177 1394 1318 1461 Omnino
1342 1394 1423 1458 nihil
1446 1416 1498 1458 re-

319 1505 446 1588 peritur
470 1503 557 1586 quod
573 1503 693 1567 iustam
716 1510 846 1567 moveat
863 1502 1109 1582 dubitationem,
1133 1504 1231 1566 immo
1248 1509 1363 1567 contra
1386 1539 1427 1549 -
1451 1523 1494 1566 ne

320 1617 467 1694 repetam
491 1609 659 1693 scriptoris
683 1609 876 1674 recentioris
907 1609 973 1675 tale
1006 1630 1088 1694 opus
1113 1609 1253 1675 subdere
1283 1609 1366 1673 nihil
1395 1609 1494 1674 inter·

319 1720 418 1784 fuisse
444 1753 483 1764 -
508 1716 692 1798 fragmenta
708 1717 800 1800 signa
816 1717 1062 1800 mythographis
1077 1714 1285 1781 Herodotum
1302 1715 1496 1781 anteceden-

319 1824 407 1890 tibus
442 1823 576 1908 propria
610 1845 678 1907 prae
713 1845 748 1888 se
781 1823 892 1888 ierunt
926 1823 1011 1905 (vide
1043 1844 1113 1907 cap.
1145 1821 1221 1906 IV),
1264 1823 1421 1888 nonnulla
1456 1841 1498 1887 ex

320 1932 463 2015 antiquis
509 1938 683 1996 manarunt
728 1929 918 1996 auctoribus
960 1931 1122 2013 (Platone,
1173 1929 1323 1995 Eudemo
1365 1929 1495 1994 Aristo-

320 2037 441 2124 telico),
465 2043 636 2122 praeterea,
661 2036 749 2121 quod
773 2037 815 2102 ad
832 2044 1068 2123 argumentum,
1092 2057 1169 2121 pars
1188 2058 1300 2102 eorum
1326 2043 1359 2102 et
1376 2058 1415 2102 ea
1430 2057 1498 2102 non

321 2165 422 2230 parva
444 2145 553 2228 magni
570 2145 664 2210 nobis
689 2151 739 2210 est
762 2144 870 2228 pretii,
895 2165 967 2208 oum
983 2143 1148 2209 interdum
1164 2144 1349 2209 fabularum
1372 2143 1496 2209 formas

320 2253 451 2319 aliunde
484 2273 549 2316 non
573 2258 669 2316 notas
699 2251 750 2315 vel
782 2257 954 2316 stemmate
981 2251 1090 2334 prisca
1120 2251 1306 2316 exhibeant.
1353 2249 1496 2330 Deinde,

321 2381 430 2426 nonne
455 2380 580 2424 summa
596 2358 814 2442 necessitudo,
838 2378 936 2441 quam
951 2358 1036 2422 inter
1050 2357 1233 2422 Hesiodum
1252 2364 1285 2422 et
1300 2356 1496 2422 Acusilaum

320 2468 545 2533 intercessisse
570 2463 759 2550 videbimus,
789 2463 823 2528 id
847 2465 930 2550 dico,
962 2464 1050 2547 quod
1074 2464 1247 2548 diligenter
1269 2464 1361 2528 illum
1384 2469 1499 2530 noster

322 2581 454 2640 secutus
478 2578 537 2652 est,
568 2573 666 2637 etiam
689 2579 856 2638 auctorem
880 2571 1004 2636 indicat
1027 2571 1070 2636 ad
1092 2579 1224 2654 poetam
1246 2572 1382 2655 propius
1405 2591 1496 2636 acoe-

322 2679 475 2748 dentem‘l
497 2679 651 2762 Denique
659 2679 693 2744 id
704 2679 810 2763 ipsum
823 2678 910 2761 quod
918 2677 1095 2742 Acusilaus
1106 2727 1120 2757 „
1127 2678 1287 2760 Argivus“
1296 2678 1438 2744 traditus
1447 2685 1500 2742 est

322 2795 356 2852 et
379 2787 564 2871 fragmenta
587 2792 754 2851 auctorem
770 2785 904 2868 Argivis
928 2784 1274 2869 faventem'detegunt,
1298 2785 1495 2868 fragmento-

322 2917 392 2958 rum
417 2893 515 2958 fidem
538 2899 668 2978 augent.

411 3000 529 3065 Altera
560 3001 660 3082 igitur
690 3021 729 3064 ex
760 3007 853 3082 parte
883 2997 1040 3066 Acusilao
1072 2999 1148 3064 olim
1179 3021 1261 3082 opus
1293 2999 1495 3082 suppositum

322 3109 422 3172 fuisse
446 3107 515 3170 veri
539 3113 589 3170 est
613 3107 726 3186 simile,
753 3107 858 3172 altera
883 3128 958 3171 vero
983 3129 1023 3171 ne
1046 3107 1217 3190 vestigium
1241 3105 1373 3188 quidem
1398 3104 1498 3170 falsa·

412 3257 455 3322 ¹³l)
477 3260 588 3310 Solvere
612 3273 668 3308 non
692 3260 776 3309 audet
802 3261 986 3322 quaestIonem
1013 3260 1207 3309 Westermaun
1234 3273 1277 3320 ap.
1298 3254 1396 3321 Pautyl
1424 3272 1447 3306 6.
1468 3273 1493 3310 ν.

322 3351 484 3412 trasilane,
509 3349 637 3398 Weleker
663 3347 690 3415 (I.
718 3349 745 3412 I.)
772 3349 893 3398 Acusilai
920 3349 1098 3412 genealogias
1124 3347 1236 3410 spurias
1262 3347 1407 3396 habendas
1433 3360 1498 3396 esse

322 3439 472 3500 contendit,
493 3438 608 3488 Mueller
627 3438 703 3500 (I’HG
724 3453 748 3500 p.
767 3437 908 3502 XXXVIII)
928 3452 1000 3501 opus
1019 3438 1149 3488 Acusilao
1162 3437 1412 3486 Alexandrinorum
1431 3441 1497 3485 tem·

323 3529 437 3592 poribus
451 3529 595 3578 subditum
608 3527 739 3576 manibus
754 3541 805 3576 nos
815 3533 910 3576 tenere
920 3528 994 3588 dicIt,
1009 3525 1201 3576 Gutsobmidio
1215 3524 1254 3590 (in
1265 3525 1369 3575 Flachii
1380 3525 1497 3589 Hesycb.

323 3617 448 3668 Onomat.
468 3632 494 3679 p.
515 3614 541 3684 7)
567 3617 702 3678 sumptum
723 3615 815 3680 „treus
835 3617 949 3665 Platone
969 3615 1122 3678 antiquior“
1143 3619 1199 3676 est3
1226 3615 1309 3663 etiam
1329 3615 1450 3664 Hercher
1469 3611 1498 3679 (I.

323 3705 351 3774 I.)
371 3707 525 3770 fragmenta
550 3706 622 3755 salsa
644 3719 709 3754 esse
728 3705 807 3767 dicit;
835 3704 976 3754 Susemihl
1004 3700 1090 3770 (Alex.
1110 3705 1187 3766 Littg.
1208 3701 1295 3764 1130,
1316 3703 1355 3766 II)
1376 3703 1498 3752 attribuit

324 3796 385 3860 „die
405 3795 576 3858 geldtscbten
597 3795 664 3843 oder
682 3794 869 3844 verldlscbten
884 3793 1084 3856 Genealogien“
1105 3794 1195 3856 primo
1214 3807 1239 3854 p.
1260 3793 1321 3844 Chr.
1336 3807 1361 3846 n.
1382 3793 1498 3842 saeculo.

325 3886 357 3934 [It
376 3885 411 3933 de
432 3883 512 3932 Sittlii
539 3882 651 3946 ineptiis
669 3887 786 3943 taceam,
814 3884 883 3932 satis
909 3883 1018 3933 habebo
1044 3895 1282 3932 commemorasse
1301 3881 1328 3933 C.
1350 3881 1497 3941 FrickIum,

322 3974 403 4023 euius
423 3987 459 4022 ex
477 3976 571 4022 mente
590 3971 667 4035 lrg.1
687 3971 839 4038 (Damascii
859 3973 938 4021 Iocus
958 3976 985 4022 et
1004 3971 1092 4021 schol.
1105 3973 1219 4022 Theocr.
1239 3985 1295 4034 arg.
1315 3971 1351 4022 id.
1371 3970 1442 4032 XIII)
1462 3970 1498 4018 ad

323 4063 499 4112 I'alsationem
512 4061 740 4124 Neoplatonicam
758 4062 885 4122 pertinet,
906 4065 999 4110 cetera
1017 4074 1083 4110 vero
1102 4059 1224 4124 geuuiua
1241 4065 1308 4109 sunt
1326 4059 1461 4124 (Beitrdge
1477 4074 1499 4108 a.

323 4151 427 4215 griech.
445 4152 523 4213 Littg.
543 4166 569 4201 u.
590 4151 688 4200 Chron.
710 4165 735 4212 p.
755 4148 771 4199 3
792 4164 840 4211 ss,
861 4148 909 4213 qui
928 4155 1021 4199 tamen
1041 4149 1112 4199 liber
1130 4149 1197 4198 mibi
1221 4154 1325 4211 praesto
1344 4163 1399 4199 non
1419 4148 1498 4211 erat).

413 4237 456 4302 ¹³8)
477 4239 579 4298 Quaest.
600 4240 712 4302 logogr,
738 4253 827 4300 progr.
848 4239 921 4300 Lips.
944 4235 1014 4290 1886
1033 4252 1058 4299 p.
1078 4237 1096 4290 9
1116 4251 1153 4288 ss.
1175 4237 1324 4286 Hominum
1344 4237 1498 4293 doctorum,

322 4330 371 4393 qui
390 4330 514 4392 Lipsium
535 4329 622 4378 secuti
643 4332 716 4389 sunt,
745 4342 832 4376 unum
853 4327 964 4376 laudem
985 4327 1182 4377 Sclrwartzium
1207 4340 1249 4388 ap.
1270 4325 1454 4389 Pauly-Wiss
1476 4339 1499 4372 s.

323 4437 347 4469 v.
368 4420 525 4474 nkusitaus.
