3486 5116
801 469 1020 528 ,χρη

324 655 407 740 σμός
429 659 484 725 καὶ
510 655 528 746 ἡ
551 659 585 724 έν
607 659 749 742 Σικυῶνι
780 669 886 744 βασι·
942 658 1021 748 παρ’
1037 661 1174 734 ἐκείνοις
1197 661 1276 742 (scil.
1294 668 1365 735 τοῖς
1381 658 1501 728 Ἀττι-

297 767 406 844 ελεία,
436 762 572 854 πρώτου
598 765 657 848 μέν
685 766 885 852 Αἰγιαλέως,
941 770 1024 851 κοῖς)
1036 764 1240 848 αὐτόχθονος
1253 768 1501 846 πιστευθέντος,

324 869 398 942 εἶτα
421 875 513 957 (Euo.
539 873 614 938 add.
639 873 690 959 δέ)
711 872 885 962 Εὔρωπος,
942 871 995 962 ἐφ’
1007 863 1045 941 οὗ
1058 873 1213 960 γέγονενό
1225 873 1327 960 μέγας
1336 878 1391 943 καὶ
1400 876 1502 964 προῖ-

324 975 396 1048 εἶτα
432 984 597 1060 Τελχῖνος,
629 982 683 1048 καῖ
714 978 887 1069 ἡΚρητός
941 1003 997 1054 τος
1010 982 1043 1048 έν
1059 982 1099 1069 τῇ
1115 979 1250 1069 Ἀττικῇ
1265 980 1501 1066 κατακλυσμός,

325 1090 358 1156 έν
386 1086 510 1178 Κρήτη.
540 1087 794 1161 Ἀκουσίλαος
825 1085 885 1176 γάρ
944 1088 1123 1176 ΦορωνέωςΙ
1152 1087 1309 1177 Ἀργείων
1337 1089 1501 1173 βασιλεύ-

327 1196 481 1286 Φορωνέα
529 1196 661 1284 πρῶτον
705 1194 886 1284 ἄνθρωπον
942 1192 1500 1286 οντοςμόςίλκουσίλαοςῖστορεῖ,

285 1301 633 1392 10(Ε118.ἆνέλρώπων)
653 1302 806 1388 γενέσθαι
824 1302 886 1370 λέ-
940 1302 1039 1391 μέχρι
1056 1299 1192 1390 πρώτης
1209 1301 1440 1386 Ὀλυμπιάδος,
1457 1304 1501 1372 ό-

325 1431 385 1498 γει·
402 1407 486 1484 ὅθεν
508 1415 562 1478 καὶ
585 1409 678 1496 ὁτῆς
697 1412 886 1498 Φορωνίδος
942 1407 1050 1480 πόθεν
1065 1408 1219 1498 Ἕλληνες
1242 1409 1401 1500 άκριβοῦν
1423 1409 1501 1486 τούς

325 1516 468 1606 ποιητὴς
492 1513 575 1587 εἶναι
600 1515 700 1584 ου’τόν
722 1517 787 1605 ἔφη
812 1542 885 1584 πα-
941 1516 1078 1607 χρόνους
1109 1516 1273 1600 ἐνόμισαν,
1306 1518 1363 1606 έ’τη
1394 1517 1501 1587 συνά-

324 1626 403 1714 τέρα
427 1629 559 1712 θνητῶν
581 1620 780 1713 άνδρώπων.
942 1650 1031 1712 γεται
1056 1627 1148 1705 χίλια
1164 1629 1296 1704 εἴκοσιν,
1311 1677 1500 1694 .........

368 1731 539 1804 Ἐντεῦθεν
561 1732 740 1801 όΠλάτων
763 1732 797 1799 έν
818 1741 885 1798 Τι-

285 1861 310 1898 15
323 1842 412 1927 μαίηι
438 1842 480 1924 (p.
498 1844 539 1905 22
560 1840 608 1925 Α)
631 1836 885 1928 κατακολουθή-

325 1971 384 2021 σας
400 1945 640 2035 Ἀκουσιλάῳ
666 1944 784 2036 γράιγει
812 1948 886 2032 ,κατ’

325 2080 406 2122 ποτε
415 2063 614 2142 προαγαγεῖν
626 2057 808 2140 βουληθεὶς
817 2051 885 2120 αό-

324 2159 403 2235 τοάς
438 2164 518 2250 περὶ
557 2161 621 2227 τῶν
659 2159 802 2250 ἀρχαῖσιν
836 2163 885 2234 εἰς
985 2163 1164 2228 Eusebium
1189 2163 1302 2246 (praep.
1329 2185 1375 2227 ev.
1400 2163 1436 2226 X
1460 2166 1499 2227 12

325 2266 442 2354 λόγους
465 2269 530 2335 τιῦν
552 2269 630 2357 τῇδε
646 2269 687 2357 τῇ
709 2265 806 2336 πόλει
832 2267 886 2356 (τῇ
941 2293 971 2353 p.
998 2274 1060 2334 497
1094 2277 1126 2334 et
1155 2270 1189 2332 X
1218 2273 1257 2334 10
1286 2291 1316 2352 p.
1343 2267 1421 2355 488)
1452 2293 1498 2334 se-

285 2405 312 2443 eo
326 2375 423 2446 πόλει
454 2399 515 2442 om.
541 2378 640 2460 Plau.)
670 2373 711 2442 τά
741 2372 885 2464 άρχαιό-
943 2382 1037 2441 cutus

325 2510 406 2553 τοτα
423 2484 528 2569 λέγειν
545 2485 711 2573 ἐπιχειρεῖ
734 2483 831 2570 (Plan.
855 2490 887 2547 et
988 2484 1040 2548 Ge..
1065 2485 1234 2567 δημιιολλιιε
1266 2483 1442 2563 ΦΙινοιιοην.
1467 2503 1499 2564 μ.

324 2595 404 2658 Eue.
426 2591 623 2680 ἐπιχειρεῖν)
652 2593 731 2680 περὶ
761 2597 886 2679 Φορω-
943 2593 986 2655 64
1014 2593 1083 2656 BC:

325 2699 405 2774 νέοις
427 2725 463 2766 τε
479 2699 539 2765 τοῦ
555 2695 690 2786 πρώτου
710 2698 886 2778 λεχθέντος
987 2749 1082 2764 .....
1110 2695 1193 2765 δι’στε
1217 2695 1311 2766 οὐδέν
1335 2695 1500 2784 άξιομνη-

325 2810 380 2875 καὶ
405 2803 534 2892 Νιόβης
565 2809 619 2874 καὶ
649 2803 690 2872 τά
718 2802 801 2888 μετά
830 2802 886 2871 τόν
940 2802 1096 2888 μόνευτον
1124 2801 1284 2891 Ἕλλησιν
1319 2804 1499 2893 ἱστορεῖται

286 2937 312 2978 25
326 2910 581 2996 κατακλυσμόν.“
601 2913 715 2992 (Plat.:
732 2914 786 2979 καὶ
802 2910 886 2994 μετά
941 2909 1007 3000 πρό
1035 2909 1175 2997 Ὠγύγου,
1207 2908 1292 2998 πλὴν
1323 2911 1501 3000 Φορωνέως

324 3018 381 3088 τόν
395 3016 619 3102 κατακλυσμόν
634 3011 676 3085 αὖ
692 3021 770 3107 περὶ
788 3026 885 3086 Λευ·
939 3019 1000 3086 τοῦ
1030 3020 1302 3108 συγχρονίσανιος
1328 3016 1419 3104 αότηῖ
1445 3021 1499 3086 καὶ

325 3130 482 3201 καλίωνος
506 3130 559 3195 καὶ
581 3125 720 3216 Πύρρας
744 3124 789 3200 ως
806 3131 884 3195 διε-
939 3124 1064 3208 Ἰνάχου
1086 3126 1146 3193 τοῦ
1164 3125 1343 3214 Φορωνέως
1363 3124 1499 3216 πατρός,

326 3236 454 3321 γένοντο
481 3239 693 3320 μυθολογεῖν,
724 3236 778 3302 καὶ
807 3230 885 3308 τούς
939 3231 976 3309 ὃς
1000 3234 1133 3322 πρῶτος
1149 3233 1297 3323 ’Ἄργους
1320 3234 1500 3319 ἐβασίλευ-

326 3344 364 3417 έξ
384 3339 492 3409 αὐτῶν
520 3345 729 3427 γενεαλογεῖν,
761 3344 816 3409 καὶ
844 3337 885 3407 τά
940 3368 1004 3421 σεν,
1029 3339 1074 3416 τός
1089 3339 1344 3416 Ἀκουσίλαος
1364 3341 1498 3430 ἱστορεῖ.

285 3472 312 3510 30
325 3454 390 3517 των
421 3446 511 3525 έτων,
543 3445 606 3516 όσα
639 3440 684 3536 ἦν,
716 3442 768 3522 οἷς
795 3447 885 3534 έλεγε

326 3557 513 3645 πειρᾶσθαι
527 3553 795 3644 διαμνημονεύων
806 3553 884 3630 τοός

325 3662 463 3753 χρόνους
487 3661 670 3753 ἀριθμεῖν).

414 3863 446 3926 Α
479 3859 649 3926 Clemente
680 3861 828 3927 Acusilai
865 3861 1050 3926 testimonio
1082 3861 1251 3945 probatur,
1287 3861 1498 3925 Phoroneum

325 3971 463 4053 primum
499 3969 600 4033 fuisse
635 3967 850 4052 h01niuem.⁵²)
896 3969 1065 4033 Praetereo
1101 3990 1140 4032 ex
1175 3967 1314 4032 Platone
1351 3968 1497 4048 efficitur,

325 4074 517 4141 Acusileum
536 4076 636 4140 verba
660 4075 776 4140 fecisse
794 4077 833 4140 de
850 4076 962 4141 Nioba
979 4075 1031 4156 (cf.
1050 4075 1108 4158 frg.
1129 4076 1192 4161 17),
1216 4075 1255 4138 de
1273 4075 1432 4156 eluvione,
1457 4075 1497 4138 de

413 4323 446 4391 ⁵²)
467 4328 506 4377 De
526 4327 714 4394 „Phoronideu
735 4328 768 4379 cf.
790 4327 876 4376 Strab.
896 4327 919 4376 X
938 4326 1003 4389 4723
1033 4327 1072 4378 ut.
1092 4327 1124 4376 M.
1145 4325 1206 4387 374,
1227 4324 1274 4389 23;
1303 4327 1389 4375 schol.
1411 4326 1498 4389 Apoll.

266 4411 268 4416 ’
327 4418 376 4470 Rh.
396 4418 416 4466 A
436 4416 514 4470 1129.
