3486 5116
808 500 850 505 --
899 465 940 524 ηρ
989 499 1026 508 .-

423 655 488 720 Sed
512 656 546 718 in
572 655 780 738 ⁷‚antiquum“
814 654 944 738 qualem
973 655 1246 737 deprehendimus
1276 655 1406 718 minime
1431 677 1509 736 qua-

333 762 430 828 drant
462 784 534 845 quae
566 760 685 826 Suidas
717 761 757 826 de
789 761 946 826 Acusilao
978 762 1141 826 memoriae
1172 761 1318 827 tradidit..
1366 759 1507 824 Omnino

332 889 427 932 nemo
452 891 525 952 quae
556 868 706 933 inanibus
730 875 879 932 tenemus
903 868 1088 952 fragmenta
1119 870 1227 952 operis
1251 867 1409 931 Acusilao
1435 867 1510 932 suh-

333 975 394 1039 diti
407 997 478 1040 esse
493 976 678 1040 inanimum
691 975 883 1057 induxisset,
904 975 968 1039 nisi
987 973 1128 1039 Suidas
1141 974 1369 1059 (Porphyrius,
1390 973 1509 1038 Rhode

332 1082 396 1148 Rh.
414 1081 460 1146 M.
480 1081 650 1146 XXXIII
667 1104 698 1165 p.
719 1085 792 1160 171,
816 1084 846 1163 1)
871 1082 1087 1164 suspicionem
1104 1083 1258 1145 movisset
1281 1081 1369 1144 hisee
1387 1078 1508 1144 verbis:

423 1212 446 1252 s.
472 1211 498 1253 r.
524 1187 699 1264 Ἑκαταῖος,
721 1185 954 1275 Ἡγησάνδρου,
986 1185 1167 1275 Μιλήσιος,
1193 1187 1300 1272 γέγονε
1324 1184 1404 1252 κατὰ
1430 1183 1509 1258 τούς

334 1297 481 1383 ,ίαρείου
509 1295 647 1380 χρόνους
670 1297 728 1359 τοῦ
756 1293 837 1375 μετὰ
870 1292 1056 1379 Καμβύσην
1079 1292 1345 1379 βασιλεύσαντος,
1374 1289 1429 1358 b're
1453 1295 1504 1358 καί

334 1400 515 1474 Διονύσιος
530 1395 564 1488 ἧν
576 1401 593 1468 ύ
603 1399 784 1489 Μιλήσιος,
798 1402 855 1468 ἐπὶ
873 1401 927 1487 της
942 1399 982 1474 ξύ
995 1399 1227 1482 Ὀλυμπιάδος,
1241 1398 1509 1488 ἱστοριογριίιμις.

332 1490 508 1595 ιΗρόδοτοαι
536 1508 612 1576 δὲύ
641 1507 894 1593 Ἁλικαρνασεύς
923 1504 1087 1596 ιύηύληται
1121 1503 1242 1573 τούτου
1268 1506 1424 1592 νεώτερος1
1454 1505 1509 1576 db.

332 1618 386 1681 καὶ
413 1607 449 1701 ἦν
471 1611 630 1701 οἷκονστηζΙ
653 1614 876 1700 Πρωταγόρου
899 1615 915 1682 δ
940 1616 1115 1689 Ἑκαταῖος.
1146 1615 1275 1700 πρῶτος
1300 1614 1335 1682 δὲ
1362 1613 1509 1697 ἱστορίαν

333 1720 441 1800 πεζιύς
469 1722 627 1808 ἐξήνεγκε·
652 1719 839 1810 συγγραιμην
868 1723 902 1790 δὲ
930 1721 1124 1808 Φερεκύδης.
1160 1717 1203 1786 τα
1232 1717 1301 1806 γάρ
1323 1719 1510 1787 Ἀκουσι-

333 1825 489 1913 adame)
513 1826 738 1897 νοθεύεται.

422 1935 473 1999 Id.
500 1958 523 2000 s.
549 1959 578 2004 τ.
609 1943 817 2023 ἑύγμραφεῑς
841 1985 846 1998 .
866 1989 872 2002 .
891 1989 897 2002 .
917 1988 924 2002 .
942 1933 1010 2003 Ὅτι
1045 1935 1216 2008 ‘linerolas
1247 1936 1377 2020 πρῶτος
1409 1935 1508 2001 ίστο-

333 2043 406 2126 ρίαν
428 2045 496 2108 κτλ.

423 2149 474 2213 Id.
506 2173 529 2214 s.
561 2173 589 2215 v.
621 2149 799 2236 Ἱστορησαι
909 2150 1022 2215 eadem
1054 2151 1162 2233 glossa
1193 2150 1268 2214 olim
1301 2147 1508 2212 adhaerebat:

333 2255 365 2324 Ὁ
389 2255 560 2330 Ἑκαταῖος
585 2257 714 2342 πρῶτος
738 2255 884 2342 ἱστορίαν
908 2261 973 2324 κτλ.

422 2364 473 2428 Id.
496 2389 520 2432 s.
543 2388 571 2428 v.
596 2362 816 2437 Ἀκουσίλαος.
846 2363 945 2448 Κάβα
967 2364 1049 2442 vids,
1075 2355 1232 2448 Ἀργεῖος,
1256 2354 1324 2428 ύπδ
1341 2358 1511 2445 Κερκιίδος

334 2472 465 2544 πόλεως
500 2469 599 2556 ούοης
631 2468 777 2544 fratreas
813 2471 965 2558 πλησίον,
998 2469 1160 2555 ἱστορικὸς
1189 2467 1425 2554 πρεσβύτατος.
1465 2465 1508 2533 ἔ-

333 2592 456 2663 γραψε
483 2578 525 2644 δὲ
544 2587 574 2642 Γ
579 2580 806 2661 ενεαλογίας
829 2579 868 2644 ἐκ
893 2578 1037 2645 δέλτων
1060 2577 1219 2657 χαλκοῖν,
1243 2572 1415 2660 δςλύγος
1439 2571 1508 2638 εύ-

334 2690 416 2770 ρεῖυ
444 2681 509 2750 τδν
538 2683 684 2769 πατέρα
715 2681 835 2750 αὐτοῦ
866 2676 1055 2770 ὀρύξαντα
1086 2709 1172 2750 τινα
1202 2681 1325 2749 τύπον
1356 2683 1420 2767 ιἠς
1445 2680 1509 2746 οἰ·

334 2792 419 2862 aiae
444 2788 634 2875 nti‘t·0”¹³²).

422 2898 498 2962 Non
523 2899 628 2962 audeo
652 2899 825 2963 Pausaniae
850 2899 1053 2962 enuntiatum
1078 2898 1191 2982 (Acus.
1218 2897 1278 2980 frg.
1304 2900 1345 2960 23
1369 2895 1390 2962 l.
1415 2893 1510 2978 iss)

333 3001 379 3068 ita
395 3006 616 3087 interpretari,
642 3011 678 3068 ut
691 3004 799 3070 Suidae
814 3006 1034 3069 testimonium
1048 3005 1266 3089 confirmetur,
1292 3005 1412 3086 quippe
1437 3024 1507 3066 oum

333 3112 502 3195 periegeta
525 3132 591 3174 nou
608 3111 801 3175 Acusilaum
819 3112 1017 3194 genealogiae
1034 3118 1200 3176 auctorem
1216 3109 1387 3194 improbet,
1411 3110 1510 3172 immo

334 3226 470 3300 propter
493 3224 719 3300 argumentum
744 3225 890 3297 stemma,
919 3218 1068 3283 Acusilai
1093 3219 1170 3283 licet
1193 3219 1260 3282 sive
1284 3217 1430 3297 alterius,
1460 3237 1510 3278 re·

335 3325 425 3387 t'utet.
475 3323 605 3387 Deinde
641 3346 746 3407 neque
780 3325 929 3408 Dionysii
961 3325 1039 3392 Hal.
1071 3350 1106 3389 ιτ.
1140 3333 1230 3390 θουκ.
1263 3325 1370 3408 eapite
1403 3328 1444 3388 23
1457 3322 1510 3406 133)

334 3430 473 3513 amplius
497 3430 684 3512 proficimus
707 3454 814 3514 neque
839 3433 969 3497 Tatiani
993 3432 1145 3516 loeus¹³⁴)
1169 3454 1229 3498 nos
1252 3432 1395 3496 adiuvat.

427 3600 471 3668 ¹³1)
493 3603 523 3650 {n
543 3603 674 3652 omnibus
693 3604 737 3651 his
752 3604 844 3653 Suidae
859 3605 928 3653 loeis
942 3606 1112 3667 atrtiqqures
1126 3604 1263 3654 editiones
1277 3604 1409 3653 exhibent
1428 3602 1510 3670 Ἀγη-

335 3689 449 3755 σιλιίου,
476 3692 551 3753 epatu]
578 3691 605 3739 in
633 3689 825 3744 Ἀκουσιλύου
853 3694 1019 3742 mutandum
1047 3708 1111 3743 esse
1139 3695 1246 3756 primus
1276 3693 1343 3741 vidit
1361 3694 1441 3753 Voss,
1471 3693 1509 3740 Ih-

336 3782 431 3829 histor.
453 3780 538 3830 Guec.
558 3782 600 3829 lc.
616 3781 630 3830 1
646 3796 671 3844 p.
682 3779 725 3841 13,
746 3779 795 3841 31;
816 3796 901 3844 quam
920 3783 1108 3844 conjecturam
1129 3783 1304 3832 verissimam
1324 3795 1388 3831 esse
1408 3782 1509 3830 iudico.

423 3866 467 3932 ¹³2)
488 3870 526 3922 CI.
546 3884 610 3932 quae
636 3871 670 3919 de
690 3871 849 3935 Pheret-yde
877 3872 1006 3933 exposuit
1034 3872 1108 3920 idem
1128 3873 1228 3921 Suidas
1249 3886 1272 3924 s.
1292 3887 1316 3920 v.
1339 3868 1508 3938 Φερεκύδης.

427 3954 468 4021 ¹³³)
489 3957 552 4008 οὔτε
571 3957 626 4026 γὰρ
645 3957 832 4024 διασῴζονται
852 3963 907 4008 τῶν
926 3957 1073 4010 πλειόνων
1092 3961 1121 4010 αἱ
1141 3961 1248 4028 γραφαὶ
1262 3962 1349 4028 μέχρι
1370 3963 1425 4009 τῶν
1443 3955 1509 4008 καθ’

335 4051 410 4115 ημᾶς
428 4047 549 4116 χρόνων,
579 4046 643 4098 οὔθ’
663 4053 694 4098 αι’
716 4046 927 4116 διασῳζόμεναι
947 4048 1025 4117 παρὰ
1045 4053 1134 4099 πᾶσιν
1153 4051 1190 4113 ὡς
1209 4050 1329 4100 ἐκείνων
1352 4048 1436 4098 ούσαι
1456 4052 1511 4097 τῶν

334 4135 448 4204 ἀνδρῶν
466 4137 655 4187 πιστεύονται·
685 4139 717 4186 ἐν
735 4137 781 4201 αἷς
799 4138 875 4187 εἰσιν
893 4138 926 4187 αἶ
943 4155 970 4188 τε
990 4137 1108 4207 Κάδμου
1126 4144 1174 4189 τοῦ
1198 4136 1348 4204 Μιλησίου
1368 4137 1416 4187 καὶ
1436 4135 1511 4204 Ἀρι-

336 4227 433 4276 σταίου
453 4230 501 4276 τοῦ
521 4223 742 4294 Προκοννησίου
763 4227 810 4277 καὶ
830 4230 886 4276 τῶν
904 4225 1120 4295 παραπλησίων
1138 4229 1253 4292 τούτοις.

424 4313 468 4382 ¹³¹)
488 4315 562 4368 Orat.
581 4320 678 4365 eontra
694 4316 779 4366 Graec.
793 4332 816 4368 u.
831 4315 878 4366 24:
900 4317 1003 4384 ἐρρέτω
1017 4319 1064 4368 καὶ
1080 4317 1112 4368 τὰ
1126 4315 1359 4369 Ἀκουσιλάου
1380 4305 1510 4382 ίἮγησι-

335 4403 410 4455 λάου
429 4403 521 4468 redd.)
540 4402 775 4474 μυθολογήματα
795 4442 801 4455 .
821 4443 827 4454 .
848 4442 853 4454 .
875 4441 880 4452 .
901 4412 1133 4474 παραχωροῦμεν
1159 4409 1230 4475 ὑμῖν
1249 4406 1281 4456 τὰ
1299 4407 1339 4474 μη
1366 4401 1509 4472 ὠφέλιμα.
