3486 5116
720 462 942 524 -31,-

331 655 403 720 lam
428 657 638 739 quadecausa
669 655 710 721 ab
734 656 884 720 Hesiodo
915 661 1029 720 noster
1060 655 1250 720 discesserit
1275 675 1422 738 quaeren-

244 762 321 826 dum
345 771 404 832 est.
441 764 611 848 „Pelasgi“
630 763 887 828 autochthonum
904 784 1022 827 nomen
1040 762 1165 847 eratffl)
1198 763 1244 828 Ut
1268 763 1318 827 his
1343 784 1420 844 quo-

246 893 308 954 que
333 879 441 936 certus
465 873 600 936 daretur
630 878 730 952 ortua,
759 869 910 935 Acusilai
933 870 1018 935 ratio
1049 870 1237 953 postulavit.
1285 870 1422 934 Minime

245 978 443 1060 mirabimur,
478 985 645 1042 auctorem
669 977 845 1065 Pelasgum
870 999 942 1042 cum
971 977 1181 1041 Phoroneo
1212 975 1423 1061 (Argivorum

245 1085 358 1167 heroe)
383 1084 646 1169 conjunxisseli')

335 1191 542 1258 Vocabulum
558 1193 612 1258 aot
629 1191 664 1276 (l.
682 1191 728 1277 2.)
746 1192 914 1256 evidenter
931 1191 1134 1256 demonstrat
1150 1189 1342 1255 Acusilaum
1358 1190 1422 1254 Ar-

246 1321 321 1382 gum
345 1320 474 1382 quoque
505 1299 593 1364 Iovis
625 1299 745 1364 dixisse
769 1298 882 1362 filium.
930 1299 1000 1363 Iam
1033 1299 1101 1362 veri
1134 1305 1183 1362 est
1215 1297 1422 1383 simillimum,

245 1401 374 1489 Argum
398 1427 508 1490 regem
537 1406 625 1489 apud
648 1405 842 1472 Acusilaum
874 1405 994 1490 oppido
1018 1426 1136 1469 nomen
1162 1404 1339 1490 dedisse⁶³l
1369 1404 1422 1486 (cf.

245 1511 305 1597 frg.
339 1515 380 1576 23
412 1520 445 1576 et
475 1516 517 1577 40
550 1519 800 1596 ceterorumque
838 1512 1154 1596 „logographorum“
1190 1519 1340 1577 sescenta
1372 1534 1425 1576 ex·

247 1618 377 1702 empla).
425 1617 480 1683 Ad
504 1619 696 1686 Acusilaum
720 1620 807 1685 haud
833 1618 930 1684 dubie
963 1625 1090 1703 spectat
1112 1620 1237 1702 Hygini
1269 1619 1334 1683 lab.
1363 1622 1424 1683 124

247 1727 293 1808 (p.
321 1729 392 1806 106,
422 1730 441 1787 3
468 1749 508 1792 ss
534 1727 672 1810 Schm.):
718 1728 865 1812 „Reges
897 1726 1144 1791 Achivorum,
1192 1727 1425 1792 Phoroneus

248 1831 362 1896 lnaclri
387 1832 473 1898 filius
497 1834 628 1917 Argus
651 1836 740 1899 Iovis
766 1835 852 1899 filius
878 1835 959 1902 etc.“
1009 1833 1106 1918 Quod
1131 1835 1335 1898 enuntiatum
1358 1856 1423 1898 non

247 1946 313 2004 tam
338 1941 495 2006 audacter
519 1943 560 2006 ad
579 1942 771 2008 Acusilaum
796 1942 964 2021 referrem,
989 1943 1051 2006 nisi
1076 1940 1260 2006 fabularum
1285 1943 1426 2024 scriptor
1487 1991 1490 2004 .

248 2069 321 2111 cunr
347 2050 474 2131 ceteris,
501 2050 556 2132 qui
579 2051 704 2114 Inacho
729 2048 897 2115 Phoronei
920 2049 1025 2114 locum
1050 2050 1209 2132 tribuunt,
1242 2048 1424 2131 dissideret,

248 2155 440 2220 Acusilaum
464 2178 541 2220 vero
558 2164 690 2222 secutus
707 2157 916 2221 Phoroneum
934 2158 1074 2240 primum
1092 2155 1289 2240 Argivorum
1315 2178 1424 2239 regem

248 2263 341 2326 nobis
356 2270 565 2346 proponeret,
594 2264 753 2329 Fortasse
770 2265 868 2328 etiam
893 2264 954 2328 hac
978 2265 1011 2327 in
1029 2264 1221 2348 genealogia
1236 2264 1425 2328 Phoronide

249 2368 339 2432 fonte
362 2377 475 2434 noster
498 2394 575 2435 usus
600 2371 704 2452 est.⁶⁴)

337 2475 513 2541 Acusilaus
546 2478 754 2562 genealogias
779 2479 918 2561 scripsit.
967 2476 1078 2561 Quare
1111 2477 1245 2542 dubium
1278 2499 1342 2542 non
1376 2484 1426 2542 est

249 2584 326 2665 quin
352 2584 413 2648 hoc
438 2583 656 2668 fragmentum
680 2586 888 2650 antecedenti
912 2585 1153 2668 adjungendum
1178 2587 1229 2649 sit.

337 2726 436 2811 Frg.
459 2727 512 2791 18
537 2727 608 2812 (18)
632 2760 657 2777 =
681 2729 829 2808 Apollod.
857 2729 894 2793 ll
916 2731 936 2792 5
959 2727 999 2812 (=
1022 2728 1103 2792 Hes.
1128 2727 1188 2810 frg.
1217 2730 1306 2811 l8l):

330 2867 463 2956 ’Ἄργον
486 2868 592 2936 δὲκαὶ
615 2866 766 2959 Ἰσμήνης
782 2870 841 2957 τῆς
857 2867 1017 2937 Ἀσωποῦ
1033 2868 1244 2947 τταῖςἼασος,
1269 2858 1308 2935 οὗ
1324 2894 1427 2958 φασιν

248 2971 299 3040 Ἰώ
323 2975 486 3059 γενέσθαι.
512 2973 655 3065 Κάστωρ
681 2977 717 3046 δὲ
740 2964 762 3044 ά
783 2975 982 3066 συγγράψας
1005 2974 1046 3043 τά
1070 2974 1204 3065 χρονικὰ
1227 2979 1282 3043 καὶ
1306 2980 1425 3045 πολλοὶ

249 3083 314 3148 των
336 3083 499 3170 τραγικῶν
522 3082 645 3165 Ἰνάχου
667 3081 726 3172 τήν
741 3081 789 3152 'Iol
813 3085 973 3171 λέγουσιν·
990 3083 1147 3158 Ἡσίοδος
1165 3084 1200 3152 δὲ
1216 3087 1270 3152 καὶ
1286 3082 1426 3152 Ἀκον-

251 3192 289 3256 σι’
295 3193 387 3264 λαος
404 3192 568 3279 Πειρῆνος
585 3189 687 3282 αὐτήν
703 3189 774 3279 (την
789 3189 837 3259 'Iol
850 3192 963 3257 Muell.
978 3191 1093 3278 FHG)
1109 3217 1211 3280 φασιν
1227 3187 1321 3259 εἶναι.
1338 3190 1426 3258 ταά-

249 3323 307 3382 την
331 3296 510 3386 ἱερωσύνην
533 3300 592 3388 τῆς
608 3297 716 3389 Ἥρας
740 3299 879 3381 ἔχουσαν
902 3297 989 3374 Zetis*
1012 3298 1164 3388 ε”ιγθειρε
1441 3327 1454 3366 a

340 3443 364 3501 2,
384 3443 511 3513 Κάστωρ]
539 3445 587 3508 srg.
609 3443 642 3495 23
671 3445 781 3507 (Ctesiae
801 3450 827 3494 et
847 3447 991 3506 chronogr.
1017 3446 1058 3507 srg
1086 3446 1127 3497 od.
1148 3446 1263 3494 Mueller
1282 3459 1307 3507 p.
1328 3443 1380 3496 179
1399 3446 1427 3493 in

253 3533 381 3581 llerodoti
401 3534 465 3582 edit.
486 3534 565 3583 Dind.
585 3535 671 3583 Paris.
692 3533 781 3597 1862).

339 3691 371 3756 ⁶²)
393 3696 430 3744 Cf.
452 3696 564 3744 Hesiodi
585 3695 716 3758 snm-212.

340 3779 372 3847 ⁶²)
394 3785 431 3834 Cf.
458 3785 535 3836 Dion.
563 3787 621 3834 llal.
648 3784 726 3836 Ill:
754 3783 908 3854 Φορωνέως
927 3785 982 3853 μὲν
1001 3783 1055 3852 γὰρ
1076 3782 1170 3850 Νιόβη,
1190 3785 1307 3852 γίνεται·
1328 3784 1428 3850 ταύτης

252 3870 282 3922 δὲ
301 3873 363 3938 νὶός
381 3874 429 3924 καὶ
451 3872 524 3938 Διός,
545 3877 582 3938 ὡς
601 3872 725 3940 λέγεται,
745 3872 906 3942 Πελασγός.

340 3960 373 4023 aa)
394 3965 492 4013 Nonne
519 3965 602 4027 igitur
628 3965 677 4013 tibi
704 3965 788 4013 etiam
808 3964 963 4012 Pausanias
983 3963 1144 4012 Acusilaum
1164 3968 1290 4025 spectare
1309 3963 1426 4022 videtur,

251 4055 407 4116 praesertim
427 4058 539 4117 propter
558 4060 646 4104 artam
673 4069 737 4116 σοῖο
765 4055 837 4103 inter
860 4053 1021 4102 Aousilaum
1048 4052 1256 4114 llesiodumque
1283 4051 1429 4100 intercedit

252 4144 498 4203 necessitudinem,
527 4158 591 4192 cum
611 4145 685 4192 dicat
704 4145 727 4192 ll
747 4142 790 4200 26,
817 4141 847 4193 3:
873 4139 1049 4210 Ἐπίδαυρος
1070 4139 1100 4190 δὲ
1119 4139 1202 4208 ἀφόὗ
1229 4139 1258 4190 τὸ
1278 4140 1370 4208 ὄνομα
1396 4144 1428 4209 τῇ

251 4236 288 4302 γῇ
301 4231 394 4299 ἐτέθη,
410 4234 446 4297 ὡς
459 4235 515 4300 μέν
528 4249 617 4301 φασιν
630 4230 756 4296 Ἠλεῖοι,
769 4228 908 4294 Πέλοπος
920 4232 964 4297 ἦν·
984 4229 1069 4280 κατὰ
1089 4228 1123 4279 δὲ
1136 4228 1305 4298 Ἀργείων
1324 4227 1429 4294 δόξαν

253 4322 309 4372 καὶ
330 4321 367 4371 τὰ
386 4323 450 4388 ἔντη
470 4321 526 4386 τὰς
544 4319 705 4391 μεγάλας
723 4319 845 4385 Ἠοίας
859 4320 894 4386 ἦν
906 4317 1073 4388 Ἐπιδαύρῳ
1087 4319 1180 4387 πατὴρ
1193 4315 1429 4386 ἈργοςὸΔιόςῖ

340 4411 372 4469 611
394 4415 492 4477 Meyer,
515 4414 529 4461 l.
551 4414 581 4468 l.;
603 4412 700 4460 liinkel
720 4411 783 4460 EGF
803 4426 828 4472 p.
849 4408 901 4461 209
922 4424 975 4472 ss.;
997 4408 1085 4469 saara,
1108 4409 1123 4456 l.
1145 4409 1160 4456 Ι.
