3486 5116
807 406 1027 467 „30-

420 601 595 666 Librorum
619 601 717 681 igitur
748 599 918 683 dispositio
948 600 1048 665 inisse
1080 599 1209 665 videtur
1239 600 1324 664 baec:
1372 599 1507 665 Cosmu-

332 709 460 793 gouiam
483 707 612 772 initium
644 707 759 772 fecisse
782 727 842 790 per
866 729 900 770 se
925 715 996 771 erat
1019 707 1283 791 exspectandum,
1316 707 1402 771 ultro
1428 728 1505 770 vero

330 814 488 898 probatur
503 813 692 898 fragmentis
720 819 732 878 l
761 820 794 878 et
819 817 835 878 1
862 835 998 896 quorum
1023 813 1162 879 alterum
1185 815 1376 880 nominatim
1399 815 1505 897 primo

330 922 515 1004 assignatur
549 920 643 986 libro.
690 917 842 985 Secundo
873 918 957 984 libro
987 920 1171 1006 fragmenta
1201 921 1364 1002 expressis
1395 920 1504 984 verbis

330 1048 395 1092 non
419 1027 652 1092 attribuuntur.
692 1025 840 1090 Tertium
858 1033 1005 1110 spectare
1022 1026 1112 1091 vides
1128 1025 1211 1113 irgg.
1232 1029 1271 1091 12
1291 1029 1330 1091 13
1353 1032 1399 1102 lt,
1425 1049 1505 1110 quu-

329 1156 401 1198 rum
424 1134 563 1217 primum
587 1132 630 1198 ad
653 1131 851 1216 Argivorum
882 1154 933 1196 res
966 1133 1129 1216 pertinere
1154 1133 1292 1210 videtur,
1325 1133 1502 1198 secuudum

329 1249 361 1306 et
384 1239 584 1320 tertium¹³¹)
609 1247 701 1304 extra
724 1239 987 1322 Peloponnesum
1011 1261 1070 1304 nos
1094 1240 1227 1308 ducunt.
1264 1237 1430 1324 Quasnam
1457 1239 1504 1304 la·

329 1347 423 1412 bulas
447 1347 610 1412 secundus
634 1346 717 1411 liber
740 1345 929 1428 complexus
953 1347 995 1410 sit
1019 1367 1069 1410 1119
1094 1345 1321 1428 interrogabis.
1359 1346 1503 1410 Acusilai

329 1474 367 1518 ex
385 1461 492 1518 mente
516 1455 661 1537 primus
684 1452 906 1517 mortalium
927 1454 1096 1535 Argivus
1120 1453 1205 1518 fuit.
1238 1452 1308 1516 Iam
1328 1452 1504 1517 vero-iudi·

329 1561 478 1643 caverim,
502 1563 566 1625 iter
589 1560 690 1625 fuisse
705 1565 841 1642 naturae,
866 1565 901 1624 ut
925 1559 1132 1643 cosmogonia
1155 1559 1217 1625 diis
1239 1559 1393 1624 heroibus
1417 1567 1504 1623 trac·

327 1667 406 1731 tatis
429 1672 527 1750 atque
551 1666 710 1732 absolutis
734 1673 848 1731 auctor
872 1666 914 1730 ad
939 1665 1124 1730 mortalium
1148 1667 1272 1744 19111191
1295 1664 1425 1731 fabulas
1449 1687 1504 1730 eo·

327 1794 465 1857 rumque
493 1773 649 1856 originem
673 1780 832 1839 narraret.
881 1772 998 1856 Neque
1029 1794 1049 1837 a
1081 1773 1148 1837 ueri
1179 1773 1286 1855 specie
1316 1773 1414 1856 plane
1446 1771 1503 1837 ab·

327 1881 449 1963 horret,
473 1879 665 1945 Acusilaum
689 1901 755 1945 non
779 1879 875 1944 modo
898 1880 933 1943 iu
956 1878 1077 1945 fabulis
1094 1878 1295 1959 enarrandis,
1320 1879 1378 1944 sed
1402 1881 1502 1945 etiam

326 1987 360 2052 in
384 1987 455 2052 loco
480 1986 652 2052 tribuendo
676 1986 819 2070 Argivos
852 1988 970 2051 ceteris
1003 1987 1238 2069 anteposuisse.
1284 1986 1403 2069 Itaque
1428 2009 1501 2050 cum

327 2095 533 2179 cosmogonia
558 2103 591 2158 et
614 2093 789 2178 theogonia
808 2093 892 2158 libro
917 2094 1020 2177 primo
1037 2092 1197 2177 explendo
1214 2091 1411 2173 suffecerint,
1435 2116 1500 2158 nou

326 2201 435 2267 iacere
458 2222 591 2285 possum
614 2201 692 2285 quin
713 2201 881 2283 coniciam,
906 2206 1053 2265 nostrum
1077 2201 1109 2263 in
1135 2199 1276 2264 secundo
1301 2198 1383 2265 libro
1408 2199 1500 2286 (num

327 2308 425 2373 etiam
448 2308 479 2371 in
504 2313 598 2391 parte
614 2307 704 2372 tertii
728 2306 800 2390 [frg.
820 2306 873 2392 12]
898 2307 1057 2371 incertum
1074 2304 1137 2391 cst)
1162 2303 1362 2388 Argivorum
1385 2327 1499 2388 regum

326 2420 498 2479 stemmata
521 2413 714 2497 fabulasque
738 2413 780 2479 ad
804 2412 995 2496 Argolidem
1023 2414 1226 2496 pertinentes
1249 2412 1418 2494 collegisse
1443 2412 1457 2497 (
1476 2412 1497 2475 f.

325 2520 385 2604 lrg.
413 2524 452 2586 16
478 2520 546 2605 sa).

413 2628 500 2693 Num
525 2635 593 2693 tres
609 2635 735 2693 tantum
760 2628 811 2692 vel
834 2627 944 2710 plures
968 2627 1068 2692 libros
1084 2635 1197 2692 noster
1212 2627 1440 2711 composuerit,
1465 2628 1498 2690 in

325 2734 432 2798 medio
456 2734 704 2818 relinquendum
729 2741 787 2802 est.
1399 2757 1401 2760 ·

413 2841 540 2923 Restat,
566 2846 602 2905 ut
625 2840 665 2904 de
690 2848 894 2924 ternpore,
920 2862 983 2925 quo
1007 2840 1184 2906 Acusilaus
1207 2840 1366 2923 floruerit,
1390 2863 1498 2925 pauca

325 2948 532 3014 disseramus.
578 2947 655 3012 Non
679 2948 822 3011 omnium
845 2947 1010 3012 homiuum
1041 2947 1212 3012 doctorum
1236 2948 1276 3012 de
1300 2948 1420 3013 haere
1445 2969 1496 3013 ea·

325 3055 398 3119 dem
422 3061 472 3118 est
495 3051 728 3136 sententia¹⁸²l
774 3053 861 3117 illud
893 3076 969 3118 vcro
993 3076 1058 3119 uno
1082 3076 1138 3120 ore
1163 3076 1276 3120 omnes
1300 3055 1499 3120 confitentur

323 3160 559 3244 antiquioribus
586 3160 832 3245 „logographis“
860 3183 933 3226 eum
957 3182 1029 3226 esse
1053 3161 1342 3226 adnumerandum.
1389 3162 1403 3218 J

413 3303 458 3366 1⁶1)
478 3307 538 3354 Nisi
564 3307 632 3354 lorte
658 3305 742 3354 eliam
768 3307 803 3355 ad
831 3307 991 3355 Acusilaum
1018 3312 1144 3368 spectare
1170 3308 1248 3356 dicas
1272 3307 1361 3356 Vitam
1386 3307 1496 3356 Homeri

324 3392 424 3458 (Biogr.
453 3395 495 3444 Gr.
523 3395 565 3444 ed.
585 3394 671 3443 West.
700 3393 789 3456 1120)
897 3385 971 3460 τιν’ὲς
990 3394 1020 3446 δὲ
1040 3395 1088 3445 καὶ
1108 3393 1294 3462 Σαλαμίνιον
1313 3394 1400 3446 αὐτὸν
1418 3396 1498 3446 εἶναί

323 3498 419 3551 φασιν,
439 3482 548 3535 ἄλλοι
569 3480 770 3552 ὅἈργεῐον,
791 3482 881 3535 ἄλλοι
902 3482 1087 3553 ὁἈίγύπτιον
1105 3483 1162 3534 ἀπὸ
1185 3481 1294 3550 Θηβῶν.

367 3575 369 3580 ’
412 3570 455 3636 ¹⁶2)
475 3573 555 3632 Voss
576 3573 614 3622 De
628 3573 724 3622 histor.
740 3573 825 3623 Graec.
841 3575 850 3622 1
864 3574 879 3624 1
893 3588 918 3636 p.
933 3572 967 3624 12
981 3574 1067 3625 West.
1085 3573 1124 3621 ita
1136 3572 1280 3622 iudicavit:
1303 3574 1352 3637 „ut
1370 3574 1496 3624 dubium.

324 3667 414 3711 utrum
435 3662 495 3725 Cyri
515 3667 542 3710 et
561 3661 707 3725 Cambysis
730 3676 765 3710 en
790 3663 882 3725 potins
903 3663 974 3710 Darii
1003 3662 1176 3724 temporibus
1203 3663 1325 3712 tloruerit
1345 3663 1494 3712 Acusilaus

322 3751 446 3812 Argivus.
473 3749 575 3798 Saltem
595 3751 689 3812 paullo
708 3753 859 3800 antecessit
872 3751 1077 3812 expeditionem
1090 3751 1257 3800 Persicam“.
1285 3752 1389 3810 brenen,
1411 3752 1494 3811 Paua

323 3841 374 3889 vol.
403 3840 438 3887 lll
464 3837 497 3890 97
527 3845 669 3888 auctorem
698 3840 786 3902 primo
812 3841 900 3902 quinti
929 3840 1025 3889 saeculi
1055 3839 1170 3889 dimidio
1194 3840 1324 3889 floruisse
1343 3841 1495 3890 contendit.

322 3930 460 3978 Schwartz
474 3943 517 3990 ap.
532 3929 714 3992 Pauly-Wiss.
731 3943 753 3978 s.
768 3944 791 3978 v.
812 3929 961 3978 bkusilaus
981 3929 1048 3978 dicit
1067 3929 1197 3978 universe
1218 3943 1286 3993 ,aus
1306 3931 1370 3979 dem
1383 3927 1408 3981 5.
1421 3931 1498 3980 lain·-

323 4017 468 4068 luuulert“.
506 4018 605 4073 Christ,
627 4018 669 4069 Gr.
691 4015 781 4080 Littg.³
804 4033 829 4081 p.
850 4015 902 4068 102
922 4023 985 4079 post
1004 4018 1181 4067 Pisistratum
1205 4019 1369 4081 scriptorem
1390 4019 1495 4068 vixisse

324 4112 409 4169 putat.
449 4106 582 4156 111100.
603 4107 726 4156 1111911911
747 4106 799 4170 (Gr.
823 4102 1050 4172 1111111136.)
1070 4114 1163 4156 mente
1187 4109 1335 4159 ,teusilaus
1360 4109 1494 4158 Cadmum

324 4196 462 4244 Milesium
489 4197 658 4245 subsecutus
684 4201 735 4248 est.
773 4195 833 4244 Non
859 4201 916 4244 tam
944 4201 1019 4244 certo
1045 4209 1130 4258 quam
1157 4198 1290 4247 rrudacter
1309 4199 1423 4256 Nicolai,
1452 4198 1495 4245 Gr.

321 4287 402 4349 Littg.
423 4301 448 4348 p.
469 4283 529 4345 121,
554 4298 618 4334 cum
637 4285 814 4347 logograpbis
834 4285 956 4346 spatium
980 4285 1044 4334 inde
1063 4285 1099 4332 ab
1128 4301 1201 4335 auno
1226 4285 1279 4339 540
1303 4288 1447 4350 usquead
1469 4305 1495 4336 u.

320 4374 373 4426 400
393 4374 532 4433 nlullan-u,
555 4379 681 4422 nostrum
700 4387 773 4421 arruo
793 4371 845 4423 510
865 4373 994 4421 floruisse
1014 4373 1120 4422 statuit]
