3486 5116
780 425 999 488 ..gg—

302 619 382 683 satis
405 617 543 683 habebo.
576 615 702 702 Saepius
727 624 815 683 certe
840 639 916 682 num
940 617 1122 682 Hesiodum
1139 617 1317 684 Acusilaus
1342 626 1474 685 secutus

302 723 344 787 sit
360 744 473 806 necne,
490 731 666 808 propterea
682 723 856 788 enucleata
871 723 1094 788 difficillimum
1111 729 1170 806 est,
1191 725 1349 808 quianon
1366 729 1473 792 omnia
1542 784 1544 787 ,

301 837 407 912 poetae
431 831 575 896 carmina
596 831 747 896 manibus
770 837 928 896 tenemus.

391 935 594 1021 Scriptorum
613 937 843 1002 similitudines
865 943 964 1020 atque
989 937 1154 1020 digressus
1169 939 1301 1003 iamiam
1325 938 1475 1004 enuclea·

301 1044 366 1106 turi
395 1050 550 1127 quattuor
572 1045 607 1109 iu
631 1045 818 1109 universum
847 1043 1104 1127 fragmentorum
1135 1045 1257 1110 classes
1287 1044 1474 1110 discernere

301 1171 488 1232 possumus:
527 1152 558 1233 1)
582 1151 782 1233 Fragmenta
798 1171 935 1234 quorum
952 1171 1025 1214 cum
1042 1151 1181 1216 Hesiodi
1205 1151 1374 1216 sententiis
1399 1174 1474 1216 can·

301 1261 431 1321 centum
454 1257 594 1340 probare
619 1258 703 1323 licet.
748 1255 782 1342 2)
810 1257 1011 1340 Fragmenta
1041 1279 1178 1341 quorum
1209 1265 1401 1342 argumenta
1432 1260 1474 1324 ab

300 1362 441 1428 Hesiodi
458 1363 661 1448 dictisplaue
678 1364 875 1448 discrepant.
908 1363 943 1448 3)
955 1365 1158 1448 Fragmenta
1173 1365 1205 1430 ia
1223 1366 1341 1450 quibus
1358 1365 1475 1430 Acusi-

301 1470 371 1534 laus
394 1477 526 1554 poetam
548 1471 669 1554 partim
693 1471 848 1554 sequitur,
873 1471 992 1554 partim
1017 1470 1058 1534 ab
1090 1493 1129 1536 eo
1160 1472 1286 1537 recedit
1319 1473 1369 1536 vel
1400 1494 1473 1537 cum

302 1578 427 1642 dilatat.
457 1579 491 1663 4)
508 1579 710 1662 Fragmenta
726 1577 867 1661 denique
883 1599 900 1642 e
917 1577 1034 1661 quibus
1051 1580 1146 1658 ratio,
1164 1601 1235 1662 quae
1251 1581 1337 1644 inter
1353 1587 1474 1644 utrum-

302 1705 364 1768 que
388 1685 571 1766 intercedit,
597 1685 668 1750 erui
690 1685 813 1768 nequit.

871 1878 902 1944 Ι.

388 2021 422 2088 A
437 2023 543 2107 prima
559 2023 662 2088 classe
678 2023 881 2106 incipiamus.
905 2021 1045 2087 Hesiodi
1061 2044 1179 2087 nomen
1191 2024 1340 2106 praebent
1356 2024 1437 2107 frgg.
1453 2029 1473 2088 8

302 2133 377 2194 818
402 2133 443 2194 28
469 2133 510 2194 29
536 2133 575 2195 31
603 2135 644 2195 34
669 2133 711 2194 35
734 2129 1468 2212 (36;Β110111110110111111010111010,

301 2237 389 2320 quod
412 2243 583 2301 auctorum
607 2242 783 2301 concentus
807 2234 969 2320 efficitur).
1002 2235 1141 2300 Hesiodi
1158 2258 1276 2301 nomen
1292 2239 1473 2302 certissime

302 2344 453 2427 supplere
477 2343 554 2408 licet
577 2343 636 2426 frg.
665 2343 707 2409 1⁴.

860 2501 911 2568 II.

388 2649 662 2730 Fragmeutorum
697 2668 769 2729 quae
806 2646 984 2710 sententias
1020 2646 1061 2710 ab
1096 2645 1244 2710 Hesiodo
1280 2647 1376 2730 plane
1412 2649 1475 2712 dis·

301 2763 473 2838 crepantes
511 2755 694 2838 continent,
732 2759 863 2836 poetam
902 2753 1091 2843 nominatim
1131 2751 1272 2817 afferunt
1310 2753 1391 2836 frgg.
1436 2759 1471 2818 11

301 2865 410 2926 0122.

389 2967 516 3032 Ascraei
546 2989 664 3032 nomen
697 2989 761 3032 non
794 2967 962 3032 exhibent:
994 2967 1052 3049 frg.
1079 2976 1112 3031 4:
1147 2967 1323 3046 Hesiodus,
1352 2969 1409 3032 ubi
1433 2969 1475 3032 de

300 3076 458 3140 malorum
482 3074 672 3140 custodibus
696 3073 795 3139 verba
818 3074 906 3158 facit,
931 3081 988 3138 aut
1004 3073 1207 3157 Hesperides
1224 3076 1372 3140 nominat
1395 3075 1471 3162 (Th.

300 3187 364 3248 215
383 3206 424 3265 s.3
449 3181 539 3248 Serv.
564 3183 664 3264 Verg.
689 3179 776 3248 Aen.
789 3181 843 3248 IV
867 3183 944 3264 484)
963 3188 1020 3246 aut
1037 3182 1210 3246 draconem
1227 3181 1300 3264 (Th.
1320 3184 1383 3246 333
1402 3183 1469 3267 ss),

299 3312 474 3374 numquam
492 3309 567 3353 vero
583 3287 758 3370 Harpyias.
781 3327 815 3336 —-
835 3288 914 3370 Frg.
933 3291 989 3352 19:
1014 3287 1190 3353 Acusilaus
1206 3291 1240 3352 in
1258 3288 1339 3371 Argi
1358 3310 1475 3372 genea-

299 3397 385 3483 logia
408 3397 449 3460 ab
465 3395 613 3460 Hesiodo
639 3395 826 3460 discessisse
851 3394 988 3459 videtur.
1020 3395 1247 3477 Praeterquam
1273 3396 1358 3459 enim
1382 3395 1470 3477 quod

299 3509 412 3568 noster
435 3503 523 3568 solus
554 3503 647 3566 testis
672 3508 732 3586 est,
762 3501 911 3566 Hesiodo
936 3501 1001 3566 alia
1025 3501 1200 3566 tribuenda
1231 3522 1302 3566 esse
1336 3502 1475 3584 vestigia

300 3611 448 3693 quaedam
472 3609 628 3674 indicant.
675 3607 802 3692 Argum
826 3608 928 3672 filium
952 3608 1052 3672 fuisse
1079 3605 1291 3692 tradunt:¹⁴⁸)
1319 3606 1350 3692 1)
1375 3606 1472 3690 Age-

300 3719 422 3794 110111,
453 3717 538 3800 quod
565 3723 702 3781 stemma
725 3737 764 3780 ex
787 3715 927 3780 Hesiodi
952 3713 1157 3800 Oatalogis
1181 3735 1331 3778 manasse
1356 3715 1474 3797 probat

300 3825 421 3905 Mansa
445 3825 498 3889 Dc
515 3823 636 3888 Aesch.
654 3821 767 3906 Suppl.
793 3843 918 3904 comm„
942 3821 1015 3886 Iud.
1042 3818 1168 3904 Gryph.
1196 3822 1337 3904 1880191
1363 3843 1394 3902 p.
1420 3824 1473 3884 32.

300 3933 333 4018 2)
357 3932 453 4016 Argi
476 3931 563 3994 Iovis
579 3930 760 4013 Niobaeque
784 3929 843 3992 filii
867 3935 900 3993 et
923 3929 1096 3992 lamenes
1120 3927 1226 4011 Asopi
1250 3926 1325 3990 filiae
1349 3928 1384 3990 in
1401 3926 1472 3990 Ac·

299 4041 412 4122 gimio
437 4038 530 4121 (Hes.
555 4037 615 4119 frg.
643 4037 730 4121 188).
770 4035 891 4101 Nescio
916 4037 1003 4100 1111111
1018 4057 1094 4100 casu
1119 4034 1240 4099 factum
1266 4034 1316 4115 sit,
1342 4041 1379 4097 ut
1402 4033 1472 4097 haec

300 4145 456 4228 Cercopis
479 4143 667 4228 (Hesiodi?)
695 4144 858 4208 sententia
881 4143 984 4226 ipsam
1008 4141 1158 4206 Acusilai
1182 4141 1365 4225 opinionem
1383 4135 1491 4204 ante?

299 4289 511 4300 .......-.—.-.-

388 4359 430 4421 ¹¹8]
451 4362 488 4411 Cf.
509 4360 655 4410 Weruicke
674 4374 716 4422 ap.
737 4361 920 4424 Pauly-Wiss.
942 4375 963 4412 s,
983 4373 1008 4407 v.
1029 4360 1115 4422 Argos
1135 4358 1184 4406 No.
1207 4355 1248 4409 19.
