3486 5116
722 439 942 500 -63-

243 632 283 695 rii
307 633 340 696 in
367 632 556 714 fragmentis
579 632 742 696 invenitur
785 629 892 715 Quam
909 631 1162 716 discrepantiam
1180 654 1244 697 nou
1268 634 1316 698 ita
1339 633 1421 697 solri

243 760 339 820 posse
353 739 430 802 mihi
445 737 665 803 confitendum
679 745 739 822 est,
752 745 789 803 ut
802 738 889 803 ultra
903 761 1031 803 omnem
1040 739 1276 805 dubitationem
1289 761 1343 805 res
1367 741 1418 805 sit.

333 845 434 909 Liber
458 845 512 909 ille
530 846 727 928 suppositus,
751 847 779 910 si
803 867 917 911 revera
934 847 1066 932 exstitit,
1093 847 1161 911 sine
1178 846 1277 911 dubio
1290 847 1421 911 histori-

245 952 379 1017 nnculas
404 952 580 1031 fabulosas,
612 951 725 1034 quales
750 952 934 1018 delectandi
958 975 1057 1018 causa
1080 953 1316 1036 posterioribus
1340 961 1421 1018 tem-

244 1059 378 1141 poribus
402 1058 690 1142 componebantur,
715 1060 885 1124 continuit.
914 1061 986 1124 Iam
1010 1081 1117 1124 nonne
1134 1061 1243 1126 hercle
1268 1061 1420 1125 facillime

244 1165 316 1229 fieri
338 1167 455 1249 potuit,
489 1172 525 1231 ut
549 1167 716 1249 scriptum,
752 1167 843 1230 cuius
873 1187 913 1231 ex
936 1166 1055 1231 fabulis
1088 1166 1337 1231 delectationem
1361 1168 1419 1231 ho·

244 1273 346 1337 mines
370 1280 566 1356 quaererent,
592 1272 728 1337 eandem
747 1280 867 1337 sortem
883 1273 1022 1338 subiisse
1046 1280 1145 1356 atque
1163 1274 1312 1338 hodierni
1337 1275 1420 1339 eius·

245 1379 317 1443 dem
341 1380 469 1462 generis
493 1378 578 1461 libri,
604 1386 723 1444 sortem
750 1379 822 1444 dico
847 1380 998 1445 celeriter
1021 1381 1230 1445 intereundi?
1274 1381 1420 1446 Titulum

244 1487 412 1553 obtendes.
443 1487 492 1550 At
515 1508 649 1551 necesse
673 1492 815 1566 nonest,
840 1487 938 1551 etiam
954 1487 1046 1570 operi
1063 1486 1191 1552 subdito
1212 1487 1421 1573 Γενεαλογίαι

244 1594 373 1659 titulum
398 1593 508 1672 fuisse,
533 1594 653 1676 quippe
678 1616 751 1658 oum
776 1592 903 1675 Suidas‚
928 1594 1024 1659 utin
1049 1599 1159 1658 cetera
1182 1617 1241 1660 sua
1266 1595 1306 1658 de
1330 1594 1418 1660 Acu-

245 1701 325 1765 silao
343 1700 452 1784 glossa
469 1700 705 1786 conglutinavit
718 1700 773 1786 (cf.
788 1700 896 1784 inira),
913 1703 961 1766 ita
976 1702 1038 1766 hac
1055 1723 1185 1785 quoque
1201 1703 1235 1766 in
1251 1724 1286 1766 re
1304 1725 1421 1786 parum

244 1809 409 1892 ingeniose
434 1807 601 1871 consuisse
626 1807 755 1872 ridetur
776 1807 962 1873 tabularum
987 1830 1161 1874 aenearum
1179 1809 1323 1874 fabulam
1348 1833 1421 1874 omn

244 1914 508 1996 genealogiarum
531 1913 627 1978 titulo
651 1916 684 1978 in
709 1914 874 1978 nonnullis
898 1913 1089 1996 fragmentis
1112 1917 1255 1980 inventu.

331 2021 489 2086 Fortasse
521 2042 597 2084 vero
629 2019 747 2104 aliquis
779 2041 850 2084 cum
881 2019 1065 2086 Hesiodum
1096 2029 1195 2104 atque
1228 2022 1420 2089 Acusilaum

243 2129 328 2192 inter
352 2150 386 2192 se
412 2134 627 2210 compararet,
653 2147 784 2192 causam
809 2128 969 2192 allaturus
994 2148 1052 2192 cur
1074 2135 1187 2194 noster
1210 2129 1376 2194 interdum
1401 2151 1421 2193 a

244 2241 341 2316 poeta
365 2234 561 2310 discesserit,
586 2234 671 2298 hanc
693 2232 839 2299 fabulam
862 2233 967 2301 finxit.

335 2338 484 2405 Coniciat
514 2339 655 2424 denique
680 2341 752 2424 quis
783 2343 902 2425 (neque
926 2363 946 2406 a
969 2363 1020 2406 me
1044 2341 1141 2425 plane
1172 2341 1328 2407 abhorret
1351 2341 1420 2408 haec

244 2448 427 2530 sententia),
452 2448 571 2512 librum
595 2448 713 2512 falsum
735 2449 866 2513 omnino
891 2469 956 2514 non
981 2449 1155 2533 exstitisse,
1180 2449 1238 2514 sed
1261 2471 1423 2532 gramma-

243 2555 344 2619 ticum
368 2555 530 2637 quendam
563 2555 704 2638 genuino
728 2555 879 2622 Acusilai
903 2557 995 2640 operi
1019 2557 1171 2622 restituto
1200 2557 1264 2638 (vel
1288 2556 1419 2639 quidem

243 2661 435 2745 fragmentis
449 2663 518 2726 eius
531 2661 733 2748 compositis)
746 2663 932 2728 tabularum
945 2663 1089 2728 fabulam
1099 2665 1333 2748 anteposuisse,
1348 2683 1421 2746 qua

245 2768 355 2832 fabula
373 2769 598 2833 commovisset
619 2768 743 2834 fontem
756 2767 876 2851 Suidae,
890 2776 925 2834 ut
938 2770 978 2834 de.
992 2791 1089 2853 opere
1107 2771 1237 2835 subdito
1252 2771 1419 2854 cogitaret.

331 2876 381 2940 At
402 2875 482 2939 nihil
506 2875 638 2958 proficit
661 2877 787 2940 somnia
810 2876 945 2962 fingere.

332 2983 470 3046 Librum
479 2982 645 3047 subditum
659 2983 822 3048 exstitisse
832 2985 939 3066 posito
949 3006 987 3049 ac
996 3005 1151 3050 concesso
1163 3006 1347 3067 quaeramus
1357 3005 1421 3067 quo

243 3098 389 3176 tempore
402 3089 463 3154 hoo
483 3089 605 3154 factum
625 3090 676 3154 sit.
701 3088 905 3156 Diiudicatio
927 3092 1006 3156 satis
1027 3097 1117 3156 certa
1136 3112 1201 3155 non
1221 3092 1327 3158 datur.
1364 3089 1422 3154 Nil

243 3201 305 3264 nisi
321 3199 495 3262 terminum
508 3204 583 3280 post
600 3219 696 3280 quem
717 3203 862 3263 statuere
877 3198 964 3280 licet,
986 3200 1108 3262 exitum
1125 3199 1249 3264 scilicet
1264 3199 1374 3281 quarti
1391 3219 1420 3264 a.

244 3306 321 3373 Ohr.
332 3329 362 3369 n.
375 3305 538 3385 seculum,
552 3327 624 3370 oum
633 3311 701 3369 tum
713 3305 842 3369 demum
850 3305 934 3370 tales
942 3305 1187 3370 historiunculae
1196 3306 1336 3370 inventae
1346 3305 1421 3374 sint.

331 3413 503 3477 Hadriano
519 3415 716 3496 imperatore
741 3411 914 3478 Sabinus
939 3413 1062 3478 scholia
1077 3411 1228 3478 Acusilai
1249 3411 1342 3495 operi
1365 3411 1420 3476 ad-

243 3523 387 3605 scripsit:
413 3518 503 3587 Suid.
529 3543 553 3584 s.
571 3542 599 3584 r.
625 3522 776 3603 Σαβῖνος,
801 3517 973 3607 σοφιστής,
1003 3515 1139 3605 γεγονώς
1166 3519 1224 3586 ἐπὶ
1246 3515 1422 3603 Ἀδριανοῦ

243 3629 419 3712 Καίσαρος.
444 3625 587 3711 ἔγραψεν
604 3622 795 3714 Εἰσαγωγὴν
818 3629 872 3694 καὶ
894 3623 1080 3700 ὑποθέσεις
1095 3628 1307 3713 μελετητικῆς
1330 3621 1421 3714 ὕλης,

242 3735 291 3809 εἰς
307 3735 422 3819 βιβλία
438 3733 478 3802 d'.
504 3735 563 3807 ,Εἰς
582 3735 787 3820 Θουκυδίδην
806 3736 861 3800 καὶ
885 3730 1202 3814 Ἀκουσίλαονῑῧθ)
1227 3735 1281 3800 καὶ
1307 3731 1423 3804 ἄλλους

242 3840 472 3928 ὑπομνήματα·
496 3844 549 3907 καὶ
575 3839 668 3926 ἕτερά
691 3866 765 3907 τινα
789 3839 974 3928 &appeared

336 3985 380 4048 ²³⁹)
402 3987 561 4053 Bernhardy
575 3987 688 4035 adnotat
707 3987 735 4034 in
750 3987 813 4038 edit.
829 3985 918 4037 Suid:
935 3985 1122 4051 „Mirationem
1136 3985 1199 4033 lacit
1207 3984 1325 4034 obsoleti
1339 3983 1423 4044 scrip·

245 4077 312 4126 toris
323 4076 469 4137 cremona,
484 4089 656 4138 quamquam
666 4089 748 4124 nemo
762 4075 845 4138 paulo
856 4075 1018 4137 prudentior
1030 4073 1153 4122 imitetur
1164 4071 1311 4132 Sturzium,
1326 4073 1373 4135 qui
1388 4065 1422 4120 dh

247 4166 344 4228 ,trgiro
367 4165 568 4228 mrthographo
587 4165 754 4227 cogitaverit.
794 4164 848 4213 Sed
868 4165 892 4212 si
911 4164 991 4213 locus
1016 4168 1058 4212 est
1082 4163 1196 4225 integer,
1222 4161 1342 4211 Sabinus
1362 4162 1423 4210 illu-

244 4255 341 4303 stravit
361 4255 469 4302 libellos
490 4253 585 4302 nescio
605 4267 676 4316 quos
690 4253 812 4303 Acusilai
832 4251 977 4303 rhetoris“.
1006 4253 1038 4301 at
1057 4252 1205 4302 Acusilaus
1219 4252 1281 4314 ipsa
1293 4251 1423 4313 conjunc-

244 4345 318 4393 tione
339 4359 394 4406 qua
419 4357 484 4391 rum
504 4343 625 4392 llcsiodo
649 4356 793 4392 connexus
813 4347 880 4403 erat,
909 4342 1024 4391 minime
1051 4342 1101 4391 luit
1127 4342 1279 4390 obsoletus.
1317 4341 1423 4389 Deinde

246 4433 415 4482 nronendum
435 4439 486 4489 est,
508 4439 533 4480 et
553 4432 743 4494 Thucydidem
763 4436 789 4479 et
809 4433 970 4482 Acusilaum
992 4428 1207 4497 „historiem“(!)
1228 4431 1386 4493 scripsisse.
