3486 5116
714 467 937 528 ,59-

235 654 341 719 solum
365 655 448 720 illud
472 649 516 732 ὥς
540 677 639 743 φησιν
658 647 718 722 ila.
744 665 907 723 servatum
929 661 971 723 sit
994 659 1047 738 (cf.
1065 660 1176 729 adnot.
1197 663 1260 726 130
1277 669 1309 725 et
1326 659 1413 726 Acu-

235 761 310 826 silai
334 762 394 844 frg.
416 764 471 846 40)
497 763 547 828 vel
563 763 712 829 Acusilai
736 786 854 829 nornen
878 787 952 830 cum
968 765 1142 832 Hellanico
1168 766 1338 832 confusum
1363 775 1413 833 est

235 890 333 951 quem
355 869 497 935 rhetoris
526 878 663 935 stemma
686 871 864 952 praebuisse
897 871 1094 956 constat¹³⁰)
1141 871 1253 955 Quare
1277 895 1411 940 neccsse

236 996 300 1039 non
326 983 385 1062 est,
410 977 557 1042 scholion
581 979 622 1042 ad
646 979 736 1042 illum
762 978 942 1045 referamus
958 978 1162 1065 Acusssnnm,
1187 979 1227 1044 de
1254 1002 1317 1063 quo
1340 979 1411 1046 Sui·

235 1082 295 1148 das
319 1083 390 1147 haec
414 1085 577 1149 memoriae
603 1085 753 1150 tradidit:

326 1205 548 1283 Ἀκουσίλαος.
580 1207 767 1296 Ἀθηναῖος
791 1210 844 1280 ὤν.
876 1209 1128 1294 Ἀγαθοκλτίας.
1158 1201 1253 1288 οὗτος
1281 1208 1414 1302 ἠράσθη

234 1313 342 1399 λόγων
364 1315 398 1384 ἐν
420 1313 594 1402 Ἀθήναις,
623 1320 677 1384 καὶ
701 1315 811 1389 ἐλθών
838 1320 887 1392 τίς
908 1317 1031 1405 Ῥώμην
1055 1319 1113 1386 ἐπὶ
1139 1317 1256 1403 Γάλβα
1280 1319 1414 1407 διέτρι-

237 1434 300 1506 ψεν
324 1419 356 1487 ἔν
379 1421 491 1508 λόγοις
515 1424 711 1512 ῥητορικοῖς.
742 1428 794 1491 καὶ
820 1425 1104 1512 χρηματισάμενος
1133 1426 1166 1492 ἐν
1188 1427 1236 1510 τῷ
1263 1427 1414 1492 τελευτᾶν

235 1532 410 1596 κατέλιπον
433 1528 634 1616 Ἀθηναίοις
658 1531 735 1600 δέκα
758 1532 924 1620 μυριάδας
948 1533 982 1599 ἐκ
1005 1532 1119 1598 τόνων.

710 2063 863 2128 CAPUT
888 2065 935 2128 Π.

519 2269 589 2349 De
618 2267 995 2368 fragmentorum
1024 2267 1131 2352 fide.

327 2500 519 2564 Acusssnum
546 2500 793 2582 „antiquoru1n“
816 2500 926 2585 fuisse,
952 2500 1020 2564 fere
1038 2522 1149 2565 omnes
1167 2501 1232 2566 sive
1252 2502 1414 2584 expressis

236 2610 303 2672 sive
328 2606 475 2672 obscuris
499 2607 605 2671 verbis
629 2613 793 2671 testantur
811 2615 944 2685 veteres,
971 2608 1027 2690 qui
1051 2607 1182 2690 quidem
1206 2608 1246 2672 de
1271 2610 1414 2672 auctoris

237 2724 383 2798 ternpore
409 2714 507 2778 verba
531 2713 664 2780 faciunt.

325 2840 403 2904 Huc
426 2839 589 2904 referendi
614 2846 690 2904 sunt
713 2841 745 2902 iu
770 2840 882 2922 primis
899 2839 945 2902 illi
963 2841 1159 2921 scriptorum
1183 2819 1263 2921 lociJ
1281 2841 1336 2922 qui
1361 2862 1412 2904 ac·

237 2949 382 3012 curatius
407 2947 476 3010 eius
500 2952 628 3010 aetatem
648 2953 800 3025 tractant,
819 2945 859 3009 cf.
877 2967 947 3028 cap.
964 2946 1026 3012 IV.
1059 2945 1228 3011 Praeterea
1252 2947 1322 3010 haec
1346 2969 1412 3012 luo·

238 3054 348 3118 nenda
380 3059 470 3118 sunt:
507 3051 638 3136 Septem
663 3053 899 3117 adnumeratur
929 3053 1133 3134 sapientibus
1165 3053 1208 3138 (v.
1235 3074 1305 3135 cap.
1330 3053 1412 3137 IV);

238 3152 458 3245 (Ἀκουσιλάῳ
482 3167 528 3245 τῷ
551 3150 673 3245 ἄρχαίτμ
695 3157 937 3246 ἱστοριογράφῳ
953 3160 1014 3246 frg.
1033 3163 1103 3243 36)3
1129 3157 1289 3245 ἱστορικὸς
1313 3181 1414 3245 rauco-

237 3265 383 3349 p'circrog,
414 3265 504 3332 Suid.
531 3290 555 3331 e.
581 3288 609 3331 r.
634 3258 858 3349 Ἀκουσίλαος-ς
891 3287 977 3349 saepe
1002 3286 1074 3330 cum
1098 3266 1171 3331 aliis
1196 3268 1413 3350 antiquiorum

238 3382 422 3456 temporum
447 3375 635 3438 auctoribus
660 3375 878 3456 componitur:
911 3379 948 3436 ut
972 3373 1011 3437 de
1036 3373 1183 3438 Hesiodo
1216 3382 1340 3438 taceam
1371 3379 1413 3454 (v.
1485 3442 1487 3446 ,

238 3503 308 3564 cap.
326 3480 405 3563 ΠΙ),
434 3481 567 3545 afferam
591 3482 673 3565 frgg.
701 3481 733 3544 l2
758 3485 777 3544 3
802 3487 821 3544 4
848 3485 866 3544 5
891 3485 910 3544 9
939 3485 977 3544 12
1011 3485 1048 3544 13
1077 3485 1115 3544 14
1144 3485 1183 3545 15
1208 3481 1280 3566 (18)
1308 3485 1348 3546 19
1373 3483 1414 3544 28

238 3588 310 3673 (31)
336 3591 378 3651 34
403 3592 444 3652 35
470 3588 556 3671 (36)3
581 3587 620 3652 01.
646 3595 806 3671 praeterea
831 3586 932 3656 Cium.
957 3586 1012 3653 Al.
1039 3586 1158 3652 Strom.
1184 3588 1235 3654 VI
1256 3611 1286 3670 p.
1307 3588 1415 3652 t52P

238 3699 303 3760 218
329 3694 363 3776 S,
394 3695 525 3778 Ioseph.
559 3716 585 3759 c.
618 3694 682 3778 Ap.
715 3695 732 3758 Ι
758 3699 792 3776 3;
824 3695 979 3758 Menaud.
1014 3694 1089 3779 περὶ
1115 3691 1267 3761 invadetur.
1299 3695 1414 3759 Rhett.

239 3801 299 3866 Gr.
325 3800 381 3864 IX
406 3824 437 3884 p.
459 3806 519 3866 144
540 3801 636 3866 Walz
654 3824 680 3866 c.
699 3801 763 3885 v13
789 3800 857 3866 Cic.
876 3802 915 3865 de
933 3809 1015 3867 orat.
1034 3801 1072 3865 ΙΙ
1092 3805 1146 3883 12;
1172 3802 1251 3866 satis
1277 3801 1415 3866 habeam

239 3909 413 3987 monuisse,
442 3909 616 3973 Platonem
646 3909 722 3994 (frg.
751 3907 781 3973 l1
809 3911 863 3994 16)
895 3915 927 3972 et
959 3907 1143 3972 Eudemum
1167 3907 1414 3973 Aristotelicum

238 4016 314 4101 (frg.
344 4016 388 4098 1³)
414 4039 454 4080 ex
477 4015 626 4082 Acusilai
651 4038 751 4100 opere
776 4016 933 4083 hausisse.

330 4231 372 4294 130)
395 4234 461 4282 11011.
477 4234 526 4296 irg.
541 4232 586 4284 78:
609 4235 723 4282 suidas:
746 4232 920 4300 Ἀνὸοκίὸης,
933 4233 1096 4299 Ἀθηναῖος,
1117 4234 1210 4301 ῥήτωρ
1224 4235 1279 4282 τῶν
1293 4249 1416 4298 πρωτευ-

237 4323 329 4371 όντων
347 4320 414 4371 ὁέκα
427 4321 476 4386 εἷς,
497 4321 559 4386 υἱὸς
572 4319 734 4390 Λεωγόρον,
754 4317 896 4390 ἀπόγονος
913 4321 1097 4390 Τηλεμάχου,
1117 4327 1165 4371 τοῦ
1179 4318 1347 4384 Ὀδυσσέως,
1367 4321 1414 4370 καὶ

241 4408 418 4474 Naupactus,
439 4411 476 4474 ὥς
495 4429 585 4480 φησιν
601 4404 791 4475 Ἑλλάνικος.
813 4418 863 4460 etr.
