3486 5116
792 462 1010 522 ..52-

314 660 480 717 auctorem
498 652 635 717 eundem
654 652 695 716 ab
712 653 863 718 omnibus
876 655 1074 736 exscriptum
1091 652 1224 736 rofense,
1242 654 1300 718 sed
1316 676 1356 718 ex
1373 661 1490 720 natura

315 761 478 826 derivabis
495 759 793 842 compendiorum.“
819 759 957 824 Iamiam
974 781 1046 824 cum
1069 766 1183 825 nostro
1201 759 1323 826 scholio
1341 761 1490 826 conseras

315 867 469 952 Apollod.
503 889 552 950 ep.
585 869 615 948 5,
650 869 707 931 12:
738 860 926 954 τῖφικνεῖται
957 865 990 931 δὲ
1021 861 1153 952 ὕστερον
1187 868 1293 953 Τρωσὶ
1325 867 1491 951 σύμμαχος

317 967 505 1059 Εὐρύπυλος
527 967 544 1039 ri
566 974 709 1061 Τηλέφου
733 972 855 1061 πολλὴν
872 982 991 1039 Μυσῶν
1014 972 1146 1057 δύναμιν
1162 968 1258 1060 ἅγιον.
1283 983 1397 1040 τοῦτον
1420 973 1490 1061 cipr-

316 1082 493 1148 στεύσαντα
510 1077 737 1162 Νεοπτόλεμος
761 1073 957 1146 οἷπέκτεινεν.
981 1082 1032 1146 Id.
1051 1104 1101 1164 ep.
1119 1086 1148 1164 3,
1178 1086 1232 1146 17:
1247 1134 1253 1147 .
1271 1082 1491 1166 ..βασιλεύων

316 1190 347 1253 δὲ
376 1189 518 1276 Τήλεφος
541 1197 669 1266 Μυσῶν,
693 1181 879 1272 Ἡρακλέους
902 1200 980 1265 παῖς
1004 1188 1057 1272 (cf.
1074 1189 1173 1253 Diod.
1196 1189 1247 1257 IV
1265 1192 1317 1273 33,
1342 1195 1360 1255 9
1379 1189 1489 1272 sam).

315 1298 367 1364 Id.
380 1297 457 1364 bibl.
471 1297 530 1361 ΙΙΙ
545 1300 606 1360 104
622 1348 627 1359 .
643 1348 649 1360 .
664 1346 670 1358 .
685 1296 740 1359 καὶ
752 1297 962 1372 τελευτῶντος
974 1287 1073 1360 αύτσῦ
1085 1295 1169 1381 (scil.
1185 1294 1402 1383 Τεύθραντος)
1420 1297 1491 1361 dcci-

317 1408 409 1484 ύσχος
447 1412 503 1489 τῆς
541 1402 725 1478 δυναστείαις
755 1406 877 1486 γίνεται
909 1403 990 1486 (scil.
1030 1401 1194 1491 Τήλεφος).
1241 1403 1346 1472 Vides
1380 1405 1492 1489 igitur,

315 1511 375 1575 hos
398 1511 486 1574 inter
509 1510 703 1594 Apollodori
732 1511 822 1575 locos
847 1517 879 1574 et
904 1510 1062 1574 scholium
1084 1510 1358 1576 necessitudinem
1391 1534 1491 1594 quan-

316 1618 391 1684 dam
415 1624 448 1682 et
472 1639 544 1682 eam
566 1639 632 1681 nou
656 1639 788 1699 parvam
805 1618 1020 1682 intercedere.
1049 1617 1098 1681 At
1113 1639 1154 1682 ne
1170 1619 1343 1701 vestigium
1360 1619 1490 1701 quidem

317 1724 561 1790 historiunculae
591 1745 686 1807 quam
713 1746 811 1808 supra
843 1725 978 1808 exposui
1009 1726 1182 1789 invenitur.
1229 1726 1271 1789 In
1295 1727 1491 1790 contrariam

317 1838 443 1914 partem
468 1830 685 1895 schol.l521
713 1830 830 1896 afferre
855 1831 993 1896 fortasse
1018 1832 1103 1914 licet,
1129 1852 1193 1915 quo
1216 1832 1380 1896 nonnullae
1404 1833 1491 1898 illius

316 1937 436 2003 fabulae
467 1937 580 2002 formae
611 1944 848 2022 proponuntur,
885 1939 942 2002 scd
973 1960 1014 2003 ne
1044 1939 1177 2003 verbum
1207 1939 1338 2022 quidem
1373 1941 1492 2023 legitur

317 2043 525 2131 genealogiae.
572 2043 682 2128 Quare
717 2046 784 2109 veri
817 2052 867 2110 est
898 2045 1105 2127 simillimum,
1138 2046 1172 2109 in
1208 2046 1400 2128 compendio
1435 2047 1491 2110 illo

318 2150 432 2217 scholii
454 2159 565 2235 partes
588 2151 733 2216 nondum
755 2151 856 2216 fuisse
880 2152 1128 2234 conglutinatas.

407 2257 534 2342 Quibus
550 2259 721 2342 perpensis
736 2258 814 2341 quid
832 2259 941 2324 ceteri,
955 2258 1068 2323 scholii
1084 2257 1243 2325 Acusilao
1260 2260 1491 2343 assignandum

317 2367 360 2432 sit
383 2366 599 2430 enucleemus.
645 2365 685 2429 In
711 2365 868 2430 eiusmodi
894 2365 1023 2430 scholiis
1048 2367 1238 2450 genealogia
1261 2368 1371 2449 potius
1394 2390 1492 2451 quarn

318 2473 383 2538 alia
406 2479 554 2537 nostrum
576 2473 719 2556 respicit,
752 2473 872 2555 quippe
896 2473 952 2556 qui
978 2471 1239 2556 „Genealogias“
1273 2473 1491 2556 composuerit

318 2586 351 2645 et
363 2580 553 2662 plerumque
566 2579 831 2662 genealogiarum
843 2580 937 2644 testis
950 2579 1111 2644 laudetur.
1138 2579 1257 2662 Itaque
1270 2581 1331 2645 hoc
1356 2588 1491 2646 stemma

318 2687 361 2750 ad
387 2686 580 2752 Acusilaum
610 2685 760 2765 referam,
793 2687 940 2769 quamvis
970 2687 1034 2750 iam
1064 2687 1174 2751 Parva
1204 2687 1284 2751 Ilias
1316 2689 1349 2751 id
1380 2696 1492 2754 notum

318 2791 539 2873 habuerit.¹¹⁴)
574 2792 663 2856 Illud
687 2814 817 2876 quoque
840 2791 944 2874 λαχών
968 2791 1023 2880 τὴν
1047 2793 1200 2880 πατρῴαν
1223 2785 1321 2880 οἷρχὴν
1344 2803 1399 2881 τῆς
1422 2804 1492 2859 Μυ-

317 2903 391 2975 σίας
406 2899 585 2982 προΐστατο
601 2900 739 2963 maxime
756 2898 948 2963 Acusilaum
971 2899 1047 2986 olet,
1072 2921 1168 2984 quem
1188 2898 1395 2979 „historiam“
1416 2903 1493 2966 scri-

318 3008 397 3072 bere
421 3006 560 3070 voluisse
585 3013 617 3070 et
641 3027 755 3092 regum
778 3008 879 3070 series
896 3008 1117 3089 composuisse
1142 3029 1182 3072 ex
1205 3007 1278 3072 aliis
1302 3008 1492 3092 fragmentis

317 3119 464 3198 apparet.
511 3112 631 3178 Restat
654 3113 801 3177 ultimum
827 3114 1030 3177 enuntiatum
1054 3135 1119 3196 quo
1143 3114 1331 3197 Eurypylus
1362 3137 1382 3178 a
1405 3115 1438 3180 N
1441 3137 1492 3179 eo-

318 3220 461 3304 ptolemo
484 3218 677 3284 interfectus
702 3220 897 3284 continetur.
918 3218 1043 3309 ‘Quam
1066 3226 1204 3286 mortem
1229 3222 1492 3303 notissimam¹¹⁵)

319 3327 498 3392 certissime
528 3332 645 3391 auctor
679 3328 953 3394 commemoravit.
1000 3327 1123 3392 Nostro
1158 3348 1236 3392 vero
1272 3327 1395 3392 scholio
1431 3329 1493 3393 hoc

318 3433 469 3499 facillime
493 3433 640 3497 historiae
667 3432 878 3498 conficienda
907 3455 1010 3499 causa
1034 3434 1165 3498 aliunde
1198 3435 1329 3498 annecti
1352 3441 1491 3518 poterat.

313 3569 317 3582 ¹
407 3541 460 3604 De
484 3539 667 3624 fragmento
691 3540 865 3605 inserendo
889 3541 975 3606 idem
1000 3541 1086 3605 valet
1110 3542 1197 3624 quod
1221 3541 1266 3606 ad
1287 3542 1348 3626 frg.
1374 3545 1415 3606 86
1441 3565 1494 3607 ex·

318 3669 423 3731 posui.

406 3773 506 3858 Frg.
530 3773 590 3838 38
615 3770 685 3857 (23)
709 3805 734 3823 =
757 3772 856 3844 εοίνοί.
883 3774 976 3839 Hom.
1002 3771 1021 3850 ξ
1042 3777 1111 3839 533
1134 3775 1218 3842 HV:

407 3888 577 3978 Ἐρεχθεύς
593 3889 610 3961 ὃ
626 3905 690 3961 τῶν
708 3889 886 3984 Ἀθηναίων
901 3897 1051 3980 βασιλεὺς
1074 3897 1158 3980 ἰ’σχει
1175 3902 1338 3982 θυγατέρα
1355 3892 1494 3981 τούνσμα

320 3997 471 4088 Ώρίθυαν
501 4004 562 4089 (sic
587 4005 680 4069 codd.
712 3995 895 4089 Ὠρείθυιαν
920 4006 1032 4088 Dind.)
1063 4003 1173 4070 κάλλει
1204 4004 1493 4094 διαπρεπεστάτην,

408 4148 451 4213 11³)
472 4150 551 4209 Quod
564 4151 599 4198 ad
613 4151 812 4214 genealogiam,
832 4151 867 4200 cl.
888 4155 1023 4213 praeterea
1043 4151 1109 4215 Hyg.
1130 4168 1156 4215 p.
1166 4149 1209 4210 93,
1230 4149 1245 4200 7
1255 4164 1260 4206 ;
1282 4148 1342 4210 136,
1363 4151 1411 4213 21;
1431 4151 1492 4212 139,

321 4239 367 4301 153
388 4238 449 4300 148,
470 4238 487 4289 5
507 4239 598 4288 Schm.
1093 4273 1095 4276 -

410 4325 453 4391 114)
474 4328 537 4378 EGF
557 4329 636 4376 Kink.
655 4343 681 4390 p.
701 4327 736 4378 42
755 4329 814 4392 (frg.
837 4328 872 4392 7),
893 4344 918 4392 p.
938 4327 981 4380 37.

409 4414 454 4478 11⁵)
476 4418 515 4466 lta
533 4417 648 4466 Proclus
668 4431 779 4480 quoque
799 4418 827 4466 in
846 4415 987 4470 ὑποθέσει
1006 4419 1102 4468 Parvae
1123 4417 1225 4485 Inedia,
1245 4417 1324 4466 Kink.
1344 4419 1361 4468 l.
1375 4419 1392 4470 l.
1411 4433 1437 4480 p.
1451 4417 1494 4470 37.
