3486 5116
313 623 450 718 Ἡσιόδῳ
478 632 512 697 δὲ
539 624 854 712 καὶλκοοσέλεως
882 627 1032 721 ὁμολογεῖ
1055 635 1262 725 (ξύμπφησιν
1286 637 1378 707 Stob.
1403 640 1494 723 quod

313 739 407 823 prob.
433 739 555 827 Diels).

404 881 438 967 2)
465 881 570 953 θολοῦ.
613 883 743 950 Τλιοον.
787 885 823 951 io
854 904 984 966 ονμαοι.
1020 886 1111 952 ΧΙΙΙ
1150 887 1205 970 (of.
1241 887 1341 956 schol.
1378 886 1492 972 Apoll.

312 988 376 1058 Rh.
410 997 438 1053 Γ
465 993 518 1072 26,
553 1011 630 1073 orgo
661 1024 687 1044 =
718 990 850 1078 Theo,⁸)
881 992 922 1056 cf.
954 991 995 1057 do
1026 992 1159 1058 Wilam.
1191 994 1305 1078 Antig.
1341 1018 1370 1066 v,
1407 995 1491 1063 Kar.

313 1118 344 1179 p.
372 1098 443 1176 70):

401 1229 669 1326 Ἆμφιβάλλουσι,
697 1244 783 1318 τένος
809 1238 879 1306 υἱὸν
905 1239 960 1307 τὸν
980 1235 1107 1329 Ἔρωτα
1132 1241 1200 1330 [χρὴ
1221 1243 1373 1329 νομίζειν]
1399 1243 1489 1328 (add.

312 1343 471 1432 Wilom.).
502 1339 646 1424 Ἡσίοδος
669 1348 743 1431 (Th.
764 1347 839 1434 120)
862 1347 921 1430 μέν
936 1347 998 1436 γάρ
1013 1348 1124 1427 Χάους
1139 1350 1194 1414 καὶ
1212 1358 1283 1438 Γῆς,
1308 1351 1489 1438 Σιμωνίδης

304 1445 410 1540 Ἄρεος
425 1453 480 1518 καὶ
491 1444 686 1542 Ἀφροδίτης,
706 1445 948 1533 Ἀκουσίλαος
962 1455 1088 1533 Νυκτὸς
1103 1458 1157 1521 καὶ
1173 1455 1329 1544 Αἷθέρος,
1348 1449 1492 1535 Ἀλκαῖος

303 1552 420 1644 ’Ίριὸος
448 1560 504 1625 καὶ
526 1560 683 1649 Ζεφύρου,
708 1560 837 1650 Σαπφώ
855 1553 1042 1650 Ἀφροδίτης
1063 1564 1119 1629 καὶ
1145 1555 1294 1651 Θύρανοῦ,
1318 1564 1373 1629 καὶ
1396 1557 1490 1631 ἄλλοι

311 1659 427 1732 ἄλλων.

400 1812 433 1894 3)
458 1811 665 1892 Damocrito,
690 1812 767 1898 περὶ
791 1803 899 1898 ἅρχων
923 1831 949 1877 υ.
976 1815 1037 1878 124
1059 1831 1092 1894 μ.
1118 1816 1189 1879 383
1211 1814 1276 1880 K..-

398 1944 543 2029 Ἡσίοδος
574 1952 650 2039 (Th.
677 1956 739 2019 116
765 1956 821 2037 ss.)
851 1953 885 2019 δέ
913 1978 971 2037 μοι
1000 1953 1086 2020 δοκεῖ
1108 1963 1238 2041 πρῶτον
1269 1959 1426 2039 γενέσθαι
1450 1954 1485 2019 τὶ

310 2057 402 2136 Χάος
425 2057 571 2147 ἱστορῶν,
601 2059 656 2149 τὴν
679 2053 907 2149 α’κατάληπτον
930 2068 987 2126 τοῦ
1010 2069 1124 2149 νοητοῦ
1146 2062 1201 2125 καὶ
1223 2053 1384 2149 ἡνωμένην
1407 2087 1489 2127 παν·

310 2167 410 2244 τελιῦς
434 2166 534 2255 φύσιν
556 2168 738 2255 κεκληκέναι
753 2166 855 2247 Χάος,
879 2167 935 2254 τὴν
958 2167 991 2232 δέ
1016 2168 1077 2254 Γῇν
1099 2166 1231 2256 πρώτην
1247 2166 1375 2235 ἐκεῖθεν
1398 2194 1487 2258 παρ-
1557 2175 1558 2180 ’

310 2272 401 2358 άγειν
425 2269 469 2352 ὥς
492 2299 563 2340 τινα
586 2266 684 2362 άρχὴν
706 2283 763 2362 τῆς
786 2269 860 2362 ὅλης
875 2284 986 2360 γενεάς
1008 2283 1073 2341 τῶν
1088 2279 1188 2342 θεῶν.
1213 2274 1301 2360 εἰμὴ
1317 2269 1380 2361 άρα
1396 2275 1490 2354 Χάος

282 2381 367 2462 ομὲν
390 2380 446 2469 τὴν
469 2381 616 2467 δευτέραν
643 2391 708 2447 τῶν
740 2381 827 2447 δυοῖν
857 2374 971 2469 άρχιῦν,
1005 2391 1067 2470 Γῆν
1098 2381 1131 2447 δέ
1158 2383 1213 2447 καὶ
1247 2382 1409 2471 Τάρταρον
1432 2385 1487 2448 καὶ

302 2480 431 2574 Ἔρωτα
454 2488 491 2555 τὸ
515 2490 669 2576 τριπλοῦν
691 2487 813 2577 νοητόν,
838 2488 972 2573 τὸνμὲν
994 2482 1100 2576 ἔρωτα
1122 2481 1196 2555 άντὶ
1217 2498 1275 2556 τοῦ
1297 2494 1416 2577 τρίτου,
1442 2483 1488 2568 ως

308 2594 389 2660 κατὰ
400 2587 603 2684 ἐπιστροφὴν
610 2601 845 2684 θεωρουμένην.
853 2649 860 2662 .
869 2649 875 2663 .
885 2651 892 2666 .
902 2589 1030 2662 Ἅκοοσ
1038 2598 1145 2674 ίλαος
1154 2597 1187 2662 δὲ
1195 2596 1287 2675 Χάος
1298 2598 1356 2679 μὲν
1368 2591 1487 2663 ὑποτί-

307 2705 439 2768 θεσθαί
460 2727 518 2786 μοι
541 2702 628 2768 δοκεῖ
650 2702 706 2791 τὴν
729 2701 860 2790 πρώτην
883 2695 989 2790 άρχήν,
1015 2696 1059 2781 ιῖις
1083 2703 1189 2792 πάντη
1212 2698 1386 2790 ἄγνωστον.
1423 2704 1487 2782 Τὰς

308 2809 341 2874 δὲ
364 2806 420 2875 άύο
442 2809 524 2893 μετὰ
548 2809 604 2898 την
626 2814 714 2893 μίαν·
748 2804 880 2897 Ἔρεβος
901 2811 960 2893 μὲν
983 2809 1039 2898 τὴν
1062 2803 1189 2898 ἄρ’ῥενα,
1213 2810 1270 2898 τὴν
1293 2811 1326 2876 δὲ
1348 2811 1487 2897 θήλειαν

268 2943 294 2982 10
307 2915 428 2981 Νύκτα·
459 2915 576 3005 ταύτην
597 2917 657 3000 μὲν
679 2910 753 2982 άντὶ
775 2909 938 3005 άπειρέας,
971 2915 1090 3004 ἐκείνην
1118 2917 1151 2982 δέ
1173 2910 1246 2984 άντὶ
1269 2917 1418 3005 πέρατος.
1451 2915 1486 2982 ἐκ

307 3023 341 3088 δὲ
371 3021 494 3103 τούτων
527 3026 610 3112 φησὶ
638 3029 823 3108 μιχθέντων
846 3023 978 3112 Αἰθέρα
1008 3028 1164 3109 γενέσθαι
1195 3026 1250 3091 καὶ
1273 3018 1402 3110 ’Έρωτα
1431 3026 1485 3088 καὶ

306 3139 420 3217 Μῆτιν·
448 3130 511 3209 Τὰς
533 3143 620 3218 τρεῖς
642 3131 762 3209 ταύτας
781 3130 896 3218 νοητὰς
911 3125 1120 3209 ὑποστάσεις·
1145 3131 1201 3220 τὴν
1223 3131 1282 3214 μὲν
1304 3125 1404 3218 άκραν
1420 3131 1485 3196 Αἰ-

305 3241 391 3324 θέρα
414 3247 530 3318 ποιοῦν,
561 3237 617 3327 τὴν
640 3239 674 3304 δὲ
695 3244 795 3326 μέσην
812 3233 940 3326 Ἔρωτα
970 3237 1051 3304 κατά
1076 3238 1132 3327 τὴν
1163 3237 1301 3327 φυσικὴν
1323 3237 1485 3326 μεσότητα

306 3353 363 3409 τοῦ
379 3337 532 3432 Ἔρωτος,
555 3345 611 3433 τὴν
634 3346 668 3411 δέ
690 3350 808 3434 τρίτην,
837 3355 951 3432 Μῆτιν.
982 3347 1048 3412 Καὶ
1071 3338 1168 3412 αύτὸν
1190 3339 1247 3434 ἤδη
1270 3344 1326 3412 τὸν
1348 3347 1484 3411 πολυτῖ·

266 3475 292 3516 15
305 3475 405 3539 μητον
417 3460 499 3518 νοῦν·
527 3452 670 3540 παράγει
686 3453 719 3518 δὲ
735 3451 791 3519 ἐπὶ
806 3452 935 3530 τούτοις
951 3451 1065 3518 ἐκτῶν
1080 3447 1186 3518 αύτιῦν
1207 3454 1252 3536 (h.
1271 3474 1298 3517 e.
1316 3475 1356 3518 ex
1372 3454 1483 3518 Erebo

307 3564 339 3624 et
361 3559 481 3643 Nocte)
512 3561 567 3624 καὶ
589 3553 694 3626 ἄλλων
726 3565 817 3626 θεῶν
847 3559 949 3626 πολύν
976 3553 1121 3648 άριθμὸν
1149 3559 1230 3625 κατὰ
1254 3558 1312 3647 τὴν
1334 3551 1484 3648 Εύέημου

306 3663 450 3752 ἱστορίαν
474 3666 547 3753 (frg.
575 3668 663 3753 117).

411 3807 436 3862 3.
455 3811 525 3878 Γῆν]
546 3811 643 3861 Ruelle
662 3813 713 3880 την
731 3813 791 3862 cod.
812 3818 838 3862 et
858 3813 943 3875 Kopp.

411 3897 436 3950 5.
456 3901 526 3968 Γῆν]
547 3916 571 3950 v.
592 3902 626 3950 ad
646 3900 671 3953 3.

411 3986 436 4040 9.
455 3990 535 4057 μίαν]
556 3989 672 4058 πρώτην
691 3990 795 4043 Osann.
815 3992 849 4040 od
870 3991 982 4042 Cornut.
1003 3990 1038 4038 dc
1057 3991 1089 4038 N.
1110 3991 1140 4041 D.
1160 4003 1185 4052 p.
1206 3987 1267 4043 294.

392 4203 413 4270 8)
433 4207 615 4257 Inveniuntur
626 4208 747 4259 Theonis
767 4207 913 4257 sententiae
933 4208 1102 4269 comparatis
1116 4206 1254 4270 Apollonii
1267 4220 1332 4256 cum
1345 4206 1482 4256 Theocriti

303 4296 491 4360 Lycophronis
517 4297 648 4345 Nicandri
674 4296 803 4358 scholiis3
831 4300 963 4359 quattuor
981 4295 1056 4344 enim
1081 4297 1145 4346 illos
1170 4295 1321 4357 scriptores
1341 4309 1484 4345 commen-

303 4385 381 4434 tariis
400 4385 476 4436 Theo
496 4386 635 4435 instruxit.
