<?xml version="1.0" encoding="UTF-8"?>
<!DOCTYPE html PUBLIC "-//W3C//DTD XHTML 1.0 Transitional//EN"
    "http://www.w3.org/TR/xhtml1/DTD/xhtml1-transitional.dtd">
<html xmlns="http://www.w3.org/1999/xhtml" xml:lang="en" lang="en">
 <head>
  <title>
</title>
<meta http-equiv="Content-Type" content="text/html;charset=utf-8" />
  <meta name='ocr-system' content='tesseract 3.04.00' />
  <meta name='ocr-capabilities' content='ocr_page ocr_carea ocr_par ocr_line ocrx_word'/>
</head>
<body>
  <div class='ocr_page' id='page_1' title='image "./deaeusilao01kordgoog_0053.png"; bbox 0 0 3486 5116; ppageno 0'>
   <div class='ocr_carea' id='block_1_1' title="bbox 798 451 1019 512">
    <p class='ocr_par' dir='ltr' id='par_1_1' title="bbox 798 451 1019 512">
     <span class='ocr_line' id='line_1_1' title="bbox 798 451 1019 512; baseline -0.009 -16"><span class='ocrx_word' id='word_1_1' title='bbox 798 451 1019 512; x_wconf 69' lang='lat'>..48-</span> 
     </span>
    </p>
   </div>
   <div class='ocr_carea' id='block_1_2' title="bbox 319 643 1498 1909">
    <p class='ocr_par' dir='ltr' id='par_1_2' title="bbox 319 643 1498 1909">
     <span class='ocr_line' id='line_1_2' title="bbox 319 643 1497 728; baseline -0.003 -18"><span class='ocrx_word' id='word_1_2' title='bbox 319 645 585 710; x_wconf 85' lang='lat' dir='ltr'>ferruminantur.</span> <span class='ocrx_word' id='word_1_3' title='bbox 632 644 794 727; x_wconf 85' lang='lat' dir='ltr'>Equidem</span> <span class='ocrx_word' id='word_1_4' title='bbox 828 643 1012 728; x_wconf 79' lang='lat' dir='ltr'>catalogum</span> <span class='ocrx_word' id='word_1_5' title='bbox 1043 650 1222 726; x_wconf 87' lang='lat' dir='ltr'>auctorum,</span> <span class='ocrx_word' id='word_1_6' title='bbox 1259 645 1314 726; x_wconf 91' lang='lat' dir='ltr'>qui</span> <span class='ocrx_word' id='word_1_7' title='bbox 1350 644 1497 708; x_wconf 90' lang='lat' dir='ltr'>homines</span> 
     </span>
     <span class='ocr_line' id='line_1_3' title="bbox 320 751 1497 836; baseline -0.002 -19"><span class='ocrx_word' id='word_1_8' title='bbox 320 753 437 818; x_wconf 91' lang='lat' dir='ltr'>summi</span> <span class='ocrx_word' id='word_1_9' title='bbox 462 753 567 817; x_wconf 81' lang='lat' dir='ltr'>aetatis</span> <span class='ocrx_word' id='word_1_10' title='bbox 584 751 803 836; x_wconf 71' lang='grc' dir='ltr'><strong><em>(μακροβίους)</em></strong></span> <span class='ocrx_word' id='word_1_11' title='bbox 820 751 1000 816; x_wconf 79' lang='lat' dir='ltr'>attulerant</span> <span class='ocrx_word' id='word_1_12' title='bbox 1023 772 1225 834; x_wconf 89' lang='lat' dir='ltr'>quorumque</span> <span class='ocrx_word' id='word_1_13' title='bbox 1250 773 1333 816; x_wconf 90' lang='lat' dir='ltr'>unus</span> <span class='ocrx_word' id='word_1_14' title='bbox 1358 751 1497 816; x_wconf 84' lang='lat' dir='ltr'>fortasse</span> 
     </span>
     <span class='ocr_line' id='line_1_4' title="bbox 321 857 1309 942; baseline -0.002 -18"><span class='ocrx_word' id='word_1_15' title='bbox 321 858 480 924; x_wconf 84' lang='lat' dir='ltr'>vocabulo</span> <span class='ocrx_word' id='word_1_16' title='bbox 503 857 591 923; x_wconf 91' lang='lat' dir='ltr'>mille</span> <span class='ocrx_word' id='word_1_17' title='bbox 616 857 780 938; x_wconf 85' lang='lat' dir='ltr'>utebatur,</span> <span class='ocrx_word' id='word_1_18' title='bbox 806 879 988 941; x_wconf 90' lang='lat' dir='ltr'>propensus</span> <span class='ocrx_word' id='word_1_19' title='bbox 1013 880 1084 922; x_wconf 89' lang='lat' dir='ltr'>sum</span> <span class='ocrx_word' id='word_1_20' title='bbox 1108 857 1309 942; x_wconf 76' lang='lat' dir='ltr'>intellegere.</span> 
     </span>
     <span class='ocr_line' id='line_1_5' title="bbox 410 964 1498 1048; baseline -0.002 -18"><span class='ocrx_word' id='word_1_21' title='bbox 410 966 492 1030; x_wconf 85' lang='lat' dir='ltr'>Loci</span> <span class='ocrx_word' id='word_1_22' title='bbox 516 988 599 1048; x_wconf 85' lang='lat' dir='ltr'>quos</span> <span class='ocrx_word' id='word_1_23' title='bbox 622 967 687 1030; x_wconf 87' lang='lat' dir='ltr'>inm</span> <span class='ocrx_word' id='word_1_24' title='bbox 712 965 899 1048; x_wconf 83' lang='lat' dir='ltr'>prolaturus</span> <span class='ocrx_word' id='word_1_25' title='bbox 929 988 998 1030; x_wconf 89' lang='lat' dir='ltr'>snm</span> <span class='ocrx_word' id='word_1_26' title='bbox 1028 965 1167 1029; x_wconf 85' lang='lat' dir='ltr'>fortasse</span> <span class='ocrx_word' id='word_1_27' title='bbox 1198 987 1270 1048; x_wconf 89' lang='lat' dir='ltr'>qnae</span> <span class='ocrx_word' id='word_1_28' title='bbox 1295 965 1380 1028; x_wconf 87' lang='lat' dir='ltr'>viam</span> <span class='ocrx_word' id='word_1_29' title='bbox 1403 964 1498 1028; x_wconf 89' lang='lat' dir='ltr'>nobis</span> 
     </span>
     <span class='ocr_line' id='line_1_6' title="bbox 320 1071 1497 1154; baseline 0.003 -18"><span class='ocrx_word' id='word_1_30' title='bbox 320 1079 503 1138; x_wconf 84' lang='lat' dir='ltr'>monstrent</span> <span class='ocrx_word' id='word_1_31' title='bbox 527 1073 570 1136; x_wconf 89' lang='lat' dir='ltr'>ad</span> <span class='ocrx_word' id='word_1_32' title='bbox 594 1071 742 1137; x_wconf 84' lang='lat' dir='ltr'>Acusilai</span> <span class='ocrx_word' id='word_1_33' title='bbox 776 1072 972 1136; x_wconf 89' lang='lat' dir='ltr'>sententiam</span> <span class='ocrx_word' id='word_1_34' title='bbox 995 1072 1248 1154; x_wconf 84' lang='lat' dir='ltr'>intellegendam</span> <span class='ocrx_word' id='word_1_35' title='bbox 1278 1071 1387 1136; x_wconf 89' lang='lat' dir='ltr'>idonei</span> <span class='ocrx_word' id='word_1_36' title='bbox 1411 1078 1497 1140; x_wconf 86' lang='lat' dir='ltr'>sunt.</span> 
     </span>
     <span class='ocr_line' id='line_1_7' title="bbox 409 1177 1496 1262; baseline -0.001 -19"><span class='ocrx_word' id='word_1_37' title='bbox 409 1179 465 1244; x_wconf 87' lang='lat' dir='ltr'>Ab</span> <span class='ocrx_word' id='word_1_38' title='bbox 490 1180 638 1245; x_wconf 89' lang='lat' dir='ltr'>Hesiodo</span> <span class='ocrx_word' id='word_1_39' title='bbox 662 1178 811 1243; x_wconf 84' lang='lat' dir='ltr'>Acusilai</span> <span class='ocrx_word' id='word_1_40' title='bbox 835 1177 924 1243; x_wconf 86' lang='lat' dir='ltr'>fonte</span> <span class='ocrx_word' id='word_1_41' title='bbox 948 1177 1200 1262; x_wconf 88' lang='lat' dir='ltr'>proficiscamur.</span> <span class='ocrx_word' id='word_1_42' title='bbox 1241 1179 1322 1243; x_wconf 82' lang='lat' dir='ltr'>Hcs</span> <span class='ocrx_word' id='word_1_43' title='bbox 1348 1178 1408 1260; x_wconf 85' lang='lat' dir='ltr'>srg.</span> <span class='ocrx_word' id='word_1_44' title='bbox 1435 1182 1496 1242; x_wconf 83' lang='lat'>161</span> 
     </span>
     <span class='ocr_line' id='line_1_8' title="bbox 321 1277 1497 1372; baseline -0.003 -21"><span class='ocrx_word' id='word_1_45' title='bbox 321 1286 377 1371; x_wconf 82' lang='lat' dir='ltr'>(de</span> <span class='ocrx_word' id='word_1_46' title='bbox 390 1285 532 1372; x_wconf 81' lang='lat' dir='ltr'>Tiresia)</span> <span class='ocrx_word' id='word_1_47' title='bbox 549 1284 631 1351; x_wconf 77' lang='grc' dir='ltr'>ἑπτά</span> <span class='ocrx_word' id='word_1_48' title='bbox 644 1278 732 1350; x_wconf 74' lang='grc' dir='ltr'><strong><em>τ’ἰντὶ</em></strong></span> <span class='ocrx_word' id='word_1_49' title='bbox 749 1283 843 1364; x_wconf 84' lang='grc' dir='ltr'><strong><em>ζιόειν</em></strong></span> <span class='ocrx_word' id='word_1_50' title='bbox 858 1284 968 1370; x_wconf 73' lang='grc' dir='ltr'><strong><em>γενεὰς</em></strong></span> <span class='ocrx_word' id='word_1_51' title='bbox 982 1284 1134 1371; x_wconf 73' lang='grc' dir='ltr'><strong><em>μερόπων</em></strong></span> <span class='ocrx_word' id='word_1_52' title='bbox 1146 1277 1343 1370; x_wconf 72' lang='grc' dir='ltr'><strong><em>όνθριόναον.</em></strong></span> <span class='ocrx_word' id='word_1_53' title='bbox 1368 1285 1418 1349; x_wconf 88' lang='lat' dir='ltr'>Id.</span> <span class='ocrx_word' id='word_1_54' title='bbox 1436 1285 1497 1366; x_wconf 83' lang='lat' dir='ltr'>frg.</span> 
     </span>
     <span class='ocr_line' id='line_1_9' title="bbox 325 1393 627 1477; baseline -0.003 -20"><span class='ocrx_word' id='word_1_55' title='bbox 325 1397 384 1458; x_wconf 84' lang='grc'>171</span> <span class='ocrx_word' id='word_1_56' title='bbox 413 1393 466 1475; x_wconf 88' lang='lat' dir='ltr'>(de</span> <span class='ocrx_word' id='word_1_57' title='bbox 491 1393 627 1477; x_wconf 76' lang='lat' dir='ltr'>Musis):</span> 
     </span>
     <span class='ocr_line' id='line_1_10' title="bbox 482 1492 1219 1586; baseline -0.003 -21"><span class='ocrx_word' id='word_1_58' title='bbox 482 1492 589 1565; x_wconf 77' lang='grc' dir='ltr'><strong><em>Ἐννέα</em></strong></span> <span class='ocrx_word' id='word_1_59' title='bbox 612 1524 663 1564; x_wconf 90' lang='grc' dir='ltr'>τοι</span> <span class='ocrx_word' id='word_1_60' title='bbox 688 1499 763 1579; x_wconf 83' lang='grc' dir='ltr'><strong><em>ζιόει</em></strong></span> <span class='ocrx_word' id='word_1_61' title='bbox 786 1498 899 1584; x_wconf 80' lang='grc' dir='ltr'><strong><em>γενεὰς</em></strong></span> <span class='ocrx_word' id='word_1_62' title='bbox 920 1498 1073 1583; x_wconf 75' lang='grc' dir='ltr'><em>λακέρυζα</em></span> <span class='ocrx_word' id='word_1_63' title='bbox 1096 1496 1219 1586; x_wconf 73' lang='grc' dir='ltr'><strong><em>κοριόνιρ</em></strong></span> 
     </span>
     <span class='ocr_line' id='line_1_11' title="bbox 481 1603 1322 1694; baseline -0.004 -22"><span class='ocrx_word' id='word_1_64' title='bbox 481 1603 602 1690; x_wconf 82' lang='grc' dir='ltr'><strong><em>α’νόριῡν</em></strong></span> <span class='ocrx_word' id='word_1_65' title='bbox 626 1607 797 1693; x_wconf 66' lang='lat' dir='ltr'>ypodorius·</span> <span class='ocrx_word' id='word_1_66' title='bbox 823 1605 943 1694; x_wconf 70' lang='grc' dir='ltr'><strong><em>ἔλαφος</em></strong></span> <span class='ocrx_word' id='word_1_67' title='bbox 967 1606 1000 1671; x_wconf 78' lang='grc' dir='ltr'>δέ</span> <span class='ocrx_word' id='word_1_68' title='bbox 1022 1630 1057 1671; x_wconf 85' lang='grc' dir='ltr'>τε</span> <span class='ocrx_word' id='word_1_69' title='bbox 1078 1605 1322 1692; x_wconf 77' lang='grc' dir='ltr'><strong><em>τετρακόρωνος·</em></strong></span> 
     </span>
     <span class='ocr_line' id='line_1_12' title="bbox 482 1706 1455 1802; baseline -0.003 -23"><span class='ocrx_word' id='word_1_70' title='bbox 482 1727 568 1799; x_wconf 79' lang='grc' dir='ltr'><strong><em>τρεῖς</em></strong></span> <span class='ocrx_word' id='word_1_71' title='bbox 591 1707 759 1802; x_wconf 54' lang='lat' dir='ltr'>chiupam</span> <span class='ocrx_word' id='word_1_72' title='bbox 784 1707 801 1779; x_wconf 88' lang='grc' dir='ltr'><strong><em>ό</em></strong></span> <span class='ocrx_word' id='word_1_73' title='bbox 824 1713 923 1797; x_wconf 83' lang='grc' dir='ltr'><strong><em>κόραξ</em></strong></span> <span class='ocrx_word' id='word_1_74' title='bbox 949 1712 1152 1800; x_wconf 72' lang='grc' dir='ltr'><strong><em>γηράσκεται·</em></strong></span> <span class='ocrx_word' id='word_1_75' title='bbox 1177 1707 1279 1798; x_wconf 77' lang='grc' dir='ltr'><strong><em>αότιὶρ</em></strong></span> <span class='ocrx_word' id='word_1_76' title='bbox 1303 1706 1320 1776; x_wconf 88' lang='grc' dir='ltr'><strong><em>ό</em></strong></span> <span class='ocrx_word' id='word_1_77' title='bbox 1345 1711 1455 1798; x_wconf 78' lang='grc' dir='ltr'><strong><em>φοῖνιξ</em></strong></span> 
     </span>
     <span class='ocr_line' id='line_1_13' title="bbox 484 1814 1329 1909; baseline -0.002 -23"><span class='ocrx_word' id='word_1_78' title='bbox 484 1820 571 1887; x_wconf 76' lang='grc' dir='ltr'><strong><em>ἐννέα</em></strong></span> <span class='ocrx_word' id='word_1_79' title='bbox 594 1822 652 1905; x_wconf 79' lang='grc' dir='ltr'>μὲν</span> <span class='ocrx_word' id='word_1_80' title='bbox 671 1821 818 1907; x_wconf 85' lang='grc' dir='ltr'><strong><em>κόρακας,</em></strong></span> <span class='ocrx_word' id='word_1_81' title='bbox 843 1821 918 1886; x_wconf 78' lang='grc' dir='ltr'><strong><em>δέκα</em></strong></span> <span class='ocrx_word' id='word_1_82' title='bbox 935 1826 1084 1909; x_wconf 77' lang='grc' dir='ltr'><strong><em>φοίνικας</em></strong></span> <span class='ocrx_word' id='word_1_83' title='bbox 1107 1821 1140 1886; x_wconf 85' lang='grc' dir='ltr'>όέ</span> <span class='ocrx_word' id='word_1_84' title='bbox 1163 1845 1215 1886; x_wconf 87' lang='grc' dir='ltr'>τοι</span> <span class='ocrx_word' id='word_1_85' title='bbox 1238 1814 1329 1906; x_wconf 62' lang='grc' dir='ltr'><strong><em>ἡμεῖς</em></strong></span> 
     </span>
    </p>
   </div>
   <div class='ocr_carea' id='block_1_3' title="bbox 323 1926 1501 2447">
    <p class='ocr_par' dir='ltr' id='par_1_3' title="bbox 482 1926 1285 2017">
     <span class='ocr_line' id='line_1_14' title="bbox 482 1926 1285 2017; baseline 0.002 -23"><span class='ocrx_word' id='word_1_86' title='bbox 482 1928 623 2017; x_wconf 74' lang='grc' dir='ltr'><strong><em>Νύμφαι</em></strong></span> <span class='ocrx_word' id='word_1_87' title='bbox 647 1927 855 2012; x_wconf 71' lang='grc' dir='ltr'><strong><em>ἐυπλόκαμοι,</em></strong></span> <span class='ocrx_word' id='word_1_88' title='bbox 880 1930 990 2013; x_wconf 75' lang='grc' dir='ltr'><strong><em>κοῦραι</em></strong></span> <span class='ocrx_word' id='word_1_89' title='bbox 1015 1927 1094 2006; x_wconf 85' lang='grc' dir='ltr'><strong><em>Διὸς</em></strong></span> <span class='ocrx_word' id='word_1_90' title='bbox 1117 1926 1285 2012; x_wconf 81' lang='grc' dir='ltr'><strong><em>αἰγιόχοιο.</em></strong></span> 
     </span>
    </p>

    <p class='ocr_par' dir='ltr' id='par_1_4' title="bbox 323 2035 1501 2447">
     <span class='ocr_line' id='line_1_15' title="bbox 414 2035 1499 2121; baseline -0.003 -19"><span class='ocrx_word' id='word_1_91' title='bbox 414 2036 512 2121; x_wconf 79' lang='lat' dir='ltr'>Quod</span> <span class='ocrx_word' id='word_1_92' title='bbox 535 2039 633 2102; x_wconf 85' lang='lat' dir='ltr'>etiam</span> <span class='ocrx_word' id='word_1_93' title='bbox 657 2037 698 2101; x_wconf 87' lang='lat' dir='ltr'>ad</span> <span class='ocrx_word' id='word_1_94' title='bbox 723 2036 871 2101; x_wconf 90' lang='lat' dir='ltr'>homines</span> <span class='ocrx_word' id='word_1_95' title='bbox 895 2058 966 2101; x_wconf 89' lang='lat' dir='ltr'>esse</span> <span class='ocrx_word' id='word_1_96' title='bbox 991 2035 1140 2117; x_wconf 83' lang='lat' dir='ltr'>relatum,</span> <span class='ocrx_word' id='word_1_97' title='bbox 1172 2036 1377 2101; x_wconf 87' lang='lat' dir='ltr'>demonstrat</span> <span class='ocrx_word' id='word_1_98' title='bbox 1400 2035 1499 2100; x_wconf 88' lang='lat' dir='ltr'>schol.</span> 
     </span>
     <span class='ocr_line' id='line_1_16' title="bbox 324 2133 1501 2229; baseline -0.003 -20"><span class='ocrx_word' id='word_1_99' title='bbox 324 2145 405 2228; x_wconf 85' lang='lat' dir='ltr'>Lyc.</span> <span class='ocrx_word' id='word_1_100' title='bbox 433 2147 512 2209; x_wconf 80' lang='lat'>794:</span> <span class='ocrx_word' id='word_1_101' title='bbox 545 2141 674 2229; x_wconf 88' lang='grc' dir='ltr'><strong><em>Κόρακα</em></strong></span> <span class='ocrx_word' id='word_1_102' title='bbox 697 2139 771 2208; x_wconf 81' lang='grc' dir='ltr'><strong><em>εἶπε</em></strong></span> <span class='ocrx_word' id='word_1_103' title='bbox 794 2141 849 2208; x_wconf 86' lang='grc' dir='ltr'>τόν</span> <span class='ocrx_word' id='word_1_104' title='bbox 873 2133 1022 2208; x_wconf 77' lang='grc' dir='ltr'><strong><em>Ὀδυσσέα</em></strong></span> <span class='ocrx_word' id='word_1_105' title='bbox 1053 2140 1105 2206; x_wconf 82' lang='grc' dir='ltr'>διὰ</span> <span class='ocrx_word' id='word_1_106' title='bbox 1130 2140 1168 2207; x_wconf 87' lang='grc' dir='ltr'>τό</span> <span class='ocrx_word' id='word_1_107' title='bbox 1198 2141 1416 2228; x_wconf 80' lang='grc' dir='ltr'><strong><em>πολυχρόνιον·</em></strong></span> <span class='ocrx_word' id='word_1_108' title='bbox 1446 2142 1501 2205; x_wconf 89' lang='grc' dir='ltr'>καὶ</span> 
     </span>
     <span class='ocr_line' id='line_1_17' title="bbox 323 2241 1499 2339; baseline -0.004 -23"><span class='ocrx_word' id='word_1_109' title='bbox 323 2251 385 2338; x_wconf 79' lang='grc' dir='ltr'>γὰρ</span> <span class='ocrx_word' id='word_1_110' title='bbox 407 2249 655 2338; x_wconf 78' lang='grc' dir='ltr'><strong><em>προνενέστερόν</em></strong></span> <span class='ocrx_word' id='word_1_111' title='bbox 673 2270 755 2339; x_wconf 83' lang='grc' dir='ltr'><strong><em>φασι</em></strong></span> <span class='ocrx_word' id='word_1_112' title='bbox 779 2249 835 2315; x_wconf 86' lang='grc' dir='ltr'>τὸν</span> <span class='ocrx_word' id='word_1_113' title='bbox 858 2241 1005 2317; x_wconf 77' lang='grc' dir='ltr'><strong><em>Ὀόοσσέα</em></strong></span> <span class='ocrx_word' id='word_1_114' title='bbox 1028 2257 1085 2315; x_wconf 83' lang='grc' dir='ltr'>τοῦ</span> <span class='ocrx_word' id='word_1_115' title='bbox 1101 2253 1273 2335; x_wconf 86' lang='grc' dir='ltr'><strong><em>Νέστορος·</em></strong></span> <span class='ocrx_word' id='word_1_116' title='bbox 1298 2241 1314 2314; x_wconf 89' lang='grc' dir='ltr'><strong><em>ό</em></strong></span> <span class='ocrx_word' id='word_1_117' title='bbox 1340 2247 1373 2314; x_wconf 78' lang='grc' dir='ltr'>δὲ</span> <span class='ocrx_word' id='word_1_118' title='bbox 1394 2246 1499 2334; x_wconf 85' lang='grc' dir='ltr'><strong><em>κόραξ,</em></strong></span> 
     </span>
     <span class='ocr_line' id='line_1_18' title="bbox 325 2351 943 2447; baseline 0.002 -23"><span class='ocrx_word' id='word_1_119' title='bbox 325 2354 370 2437; x_wconf 81' lang='grc' dir='ltr'>ὥς</span> <span class='ocrx_word' id='word_1_120' title='bbox 393 2382 491 2447; x_wconf 78' lang='grc' dir='ltr'><strong><em>φησιν</em></strong></span> <span class='ocrx_word' id='word_1_121' title='bbox 513 2351 667 2438; x_wconf 78' lang='grc' dir='ltr'><strong><em>Ἡσίοδος,</em></strong></span> <span class='ocrx_word' id='word_1_122' title='bbox 691 2356 739 2444; x_wconf 80' lang='grc' dir='ltr'>ρη’</span> <span class='ocrx_word' id='word_1_123' title='bbox 763 2356 874 2443; x_wconf 75' lang='grc' dir='ltr'><strong><em>γενεὰς</em></strong></span> <span class='ocrx_word' id='word_1_124' title='bbox 897 2356 943 2443; x_wconf 79' lang='grc' dir='ltr'>ζῇ.</span> 
     </span>
    </p>
   </div>
   <div class='ocr_carea' id='block_1_4' title="bbox 324 2463 1505 4153">
    <p class='ocr_par' dir='ltr' id='par_1_5' title="bbox 324 2463 1503 3508">
     <span class='ocr_line' id='line_1_19' title="bbox 414 2463 1502 2551; baseline -0.003 -21"><span class='ocrx_word' id='word_1_125' title='bbox 414 2466 496 2530; x_wconf 81' lang='lat' dir='ltr'>Hes</span> <span class='ocrx_word' id='word_1_126' title='bbox 528 2465 588 2547; x_wconf 86' lang='lat' dir='ltr'>frg.</span> <span class='ocrx_word' id='word_1_127' title='bbox 617 2468 676 2529; x_wconf 83' lang='grc'>171</span> <span class='ocrx_word' id='word_1_128' title='bbox 711 2463 810 2551; x_wconf 86' lang='lat' dir='ltr'>(Plin.</span> <span class='ocrx_word' id='word_1_129' title='bbox 842 2463 884 2529; x_wconf 90' lang='lat' dir='ltr'>N.</span> <span class='ocrx_word' id='word_1_130' title='bbox 909 2463 955 2531; x_wconf 91' lang='lat' dir='ltr'>H.</span> <span class='ocrx_word' id='word_1_131' title='bbox 979 2464 1051 2533; x_wconf 88' lang='lat' dir='ltr'>VII</span> <span class='ocrx_word' id='word_1_132' title='bbox 1075 2467 1116 2528; x_wconf 82' lang='lat'>48</span> <span class='ocrx_word' id='word_1_133' title='bbox 1149 2463 1237 2547; x_wconf 92' lang='lat' dir='ltr'>quod</span> <span class='ocrx_word' id='word_1_134' title='bbox 1268 2469 1367 2547; x_wconf 88' lang='lat' dir='ltr'>caput</span> <span class='ocrx_word' id='word_1_135' title='bbox 1399 2463 1502 2527; x_wconf 89' lang='lat' dir='ltr'>multa</span> 
     </span>
     <span class='ocr_line' id='line_1_20' title="bbox 325 2571 1501 2657; baseline -0.003 -19"><span class='ocrx_word' id='word_1_136' title='bbox 325 2573 458 2638; x_wconf 87' lang='lat' dir='ltr'>exhibet</span> <span class='ocrx_word' id='word_1_137' title='bbox 482 2573 659 2657; x_wconf 87' lang='lat' dir='ltr'>exempla):</span> <span class='ocrx_word' id='word_1_138' title='bbox 686 2572 904 2651; x_wconf 86' lang='lat' dir='ltr'>„Hesiodus</span> <span class='ocrx_word' id='word_1_139' title='bbox 929 2572 984 2654; x_wconf 92' lang='lat' dir='ltr'>qui</span> <span class='ocrx_word' id='word_1_140' title='bbox 1006 2572 1130 2655; x_wconf 91' lang='lat' dir='ltr'>primus</span> <span class='ocrx_word' id='word_1_141' title='bbox 1147 2572 1257 2654; x_wconf 87' lang='lat' dir='ltr'>aliqua</span> <span class='ocrx_word' id='word_1_142' title='bbox 1281 2572 1321 2636; x_wconf 89' lang='lat' dir='ltr'>de</span> <span class='ocrx_word' id='word_1_143' title='bbox 1341 2571 1403 2635; x_wconf 89' lang='lat' dir='ltr'>hoc</span> <span class='ocrx_word' id='word_1_144' title='bbox 1426 2593 1501 2654; x_wconf 92' lang='lat' dir='ltr'>pro-</span> 
     </span>
     <span class='ocr_line' id='line_1_21' title="bbox 326 2678 1503 2760; baseline -0.004 -16"><span class='ocrx_word' id='word_1_145' title='bbox 326 2681 409 2745; x_wconf 90' lang='lat' dir='ltr'>didit</span> <span class='ocrx_word' id='word_1_146' title='bbox 432 2679 591 2760; x_wconf 85' lang='lat' dir='ltr'>fabulose,</span> <span class='ocrx_word' id='word_1_147' title='bbox 616 2686 653 2744; x_wconf 90' lang='lat' dir='ltr'>ut</span> <span class='ocrx_word' id='word_1_148' title='bbox 676 2701 759 2759; x_wconf 83' lang='lat' dir='ltr'>reor,</span> <span class='ocrx_word' id='word_1_149' title='bbox 790 2679 894 2744; x_wconf 90' lang='lat' dir='ltr'>multa</span> <span class='ocrx_word' id='word_1_150' title='bbox 918 2679 958 2744; x_wconf 94' lang='lat' dir='ltr'>de</span> <span class='ocrx_word' id='word_1_151' title='bbox 981 2678 1148 2743; x_wconf 89' lang='lat' dir='ltr'>hominum</span> <span class='ocrx_word' id='word_1_152' title='bbox 1173 2700 1240 2743; x_wconf 89' lang='lat' dir='ltr'>aevo</span> <span class='ocrx_word' id='word_1_153' title='bbox 1265 2678 1409 2744; x_wconf 83' lang='lat' dir='ltr'>referens</span> <span class='ocrx_word' id='word_1_154' title='bbox 1434 2698 1503 2742; x_wconf 87' lang='lat' dir='ltr'>cor-</span> 
     </span>
     <span class='ocr_line' id='line_1_22' title="bbox 324 2786 1503 2854; baseline -0.001 -4"><span class='ocrx_word' id='word_1_155' title='bbox 324 2788 389 2850; x_wconf 91' lang='lat' dir='ltr'>nici</span> <span class='ocrx_word' id='word_1_156' title='bbox 413 2808 529 2851; x_wconf 86' lang='lat' dir='ltr'>novem</span> <span class='ocrx_word' id='word_1_157' title='bbox 551 2793 681 2851; x_wconf 89' lang='lat' dir='ltr'>nostras</span> <span class='ocrx_word' id='word_1_158' title='bbox 706 2786 855 2851; x_wconf 88' lang='lat' dir='ltr'>attribuit</span> <span class='ocrx_word' id='word_1_159' title='bbox 882 2791 995 2851; x_wconf 87' lang='lat' dir='ltr'>aetates</span> <span class='ocrx_word' id='word_1_160' title='bbox 1010 2835 1016 2849; x_wconf 94' lang='lat'>.</span> <span class='ocrx_word' id='word_1_161' title='bbox 1032 2834 1039 2850; x_wconf 93' lang='lat'>.</span> <span class='ocrx_word' id='word_1_162' title='bbox 1054 2790 1082 2854; x_wconf 88' lang='lat'>.“</span> <span class='ocrx_word' id='word_1_163' title='bbox 1123 2786 1267 2852; x_wconf 84' lang='lat' dir='ltr'>Maxime</span> <span class='ocrx_word' id='word_1_164' title='bbox 1291 2786 1428 2850; x_wconf 88' lang='lat' dir='ltr'>idoneus</span> <span class='ocrx_word' id='word_1_165' title='bbox 1453 2790 1503 2849; x_wconf 88' lang='lat' dir='ltr'>est</span> 
     </span>
     <span class='ocr_line' id='line_1_23' title="bbox 324 2890 1502 2979; baseline -0.001 -23"><span class='ocrx_word' id='word_1_166' title='bbox 324 2893 414 2958; x_wconf 91' lang='lat' dir='ltr'>locus</span> <span class='ocrx_word' id='word_1_167' title='bbox 438 2893 512 2960; x_wconf 85' lang='lat' dir='ltr'>Val.</span> <span class='ocrx_word' id='word_1_168' title='bbox 538 2893 585 2958; x_wconf 93' lang='lat' dir='ltr'>M.</span> <span class='ocrx_word' id='word_1_169' title='bbox 609 2891 699 2960; x_wconf 89' lang='lat' dir='ltr'>VIII</span> <span class='ocrx_word' id='word_1_170' title='bbox 725 2897 780 2957; x_wconf 88' lang='lat'>13:</span> <span class='ocrx_word' id='word_1_171' title='bbox 831 2893 1087 2972; x_wconf 84' lang='lat' dir='ltr'>„Hellanicus</span> <span class='ocrx_word' id='word_1_172' title='bbox 1118 2892 1231 2979; x_wconf 91' lang='lat' dir='ltr'>(etiam</span> <span class='ocrx_word' id='word_1_173' title='bbox 1254 2890 1502 2976; x_wconf 78' lang='lat' dir='ltr'>logographusl)</span> 
     </span>
     <span class='ocr_line' id='line_1_24' title="bbox 325 2999 1503 3084; baseline -0.001 -22"><span class='ocrx_word' id='word_1_174' title='bbox 325 3022 402 3064; x_wconf 91' lang='lat' dir='ltr'>vero</span> <span class='ocrx_word' id='word_1_175' title='bbox 427 3002 484 3081; x_wconf 81' lang='lat' dir='ltr'>ait,</span> <span class='ocrx_word' id='word_1_176' title='bbox 516 3001 672 3082; x_wconf 90' lang='lat' dir='ltr'>quosdam</span> <span class='ocrx_word' id='word_1_177' title='bbox 706 3022 745 3064; x_wconf 83' lang='lat' dir='ltr'>ex</span> <span class='ocrx_word' id='word_1_178' title='bbox 777 3007 873 3082; x_wconf 84' lang='lat' dir='ltr'>gente</span> <span class='ocrx_word' id='word_1_179' title='bbox 905 3001 1076 3082; x_wconf 83' lang='lat' dir='ltr'>Epiorum,</span> <span class='ocrx_word' id='word_1_180' title='bbox 1108 3023 1180 3084; x_wconf 89' lang='lat' dir='ltr'>quae</span> <span class='ocrx_word' id='word_1_181' title='bbox 1210 3023 1287 3084; x_wconf 90' lang='lat' dir='ltr'>pars</span> <span class='ocrx_word' id='word_1_182' title='bbox 1319 3006 1369 3065; x_wconf 89' lang='lat' dir='ltr'>est</span> <span class='ocrx_word' id='word_1_183' title='bbox 1400 2999 1503 3063; x_wconf 82' lang='lat' dir='ltr'>Aeto-</span> 
     </span>
     <span class='ocr_line' id='line_1_25' title="bbox 326 3105 1500 3191; baseline -0.003 -20"><span class='ocrx_word' id='word_1_184' title='bbox 326 3108 387 3187; x_wconf 75' lang='lat' dir='ltr'>liae,</span> <span class='ocrx_word' id='word_1_185' title='bbox 422 3108 580 3172; x_wconf 87' lang='lat' dir='ltr'>ducentos</span> <span class='ocrx_word' id='word_1_186' title='bbox 613 3107 743 3191; x_wconf 87' lang='lat' dir='ltr'>explere</span> <span class='ocrx_word' id='word_1_187' title='bbox 774 3108 897 3172; x_wconf 84' lang='lat' dir='ltr'>annos“</span> <span class='ocrx_word' id='word_1_188' title='bbox 932 3107 1030 3186; x_wconf 88' lang='lat' dir='ltr'>(idem</span> <span class='ocrx_word' id='word_1_189' title='bbox 1062 3107 1131 3172; x_wconf 83' lang='lat' dir='ltr'>fere</span> <span class='ocrx_word' id='word_1_190' title='bbox 1162 3107 1247 3172; x_wconf 91' lang='lat' dir='ltr'>Plin.</span> <span class='ocrx_word' id='word_1_191' title='bbox 1280 3107 1322 3174; x_wconf 89' lang='lat' dir='ltr'>N.</span> <span class='ocrx_word' id='word_1_192' title='bbox 1354 3105 1399 3170; x_wconf 92' lang='lat' dir='ltr'>H.</span> <span class='ocrx_word' id='word_1_193' title='bbox 1431 3105 1500 3171; x_wconf 86' lang='lat' dir='ltr'>Vll</span> 
     </span>
     <span class='ocr_line' id='line_1_26' title="bbox 326 3212 1503 3298; baseline -0.003 -19"><span class='ocrx_word' id='word_1_194' title='bbox 326 3219 391 3298; x_wconf 83' lang='lat'>48).</span> <span class='ocrx_word' id='word_1_195' title='bbox 423 3214 507 3280; x_wconf 90' lang='lat' dir='ltr'>Plin.</span> <span class='ocrx_word' id='word_1_196' title='bbox 538 3213 582 3278; x_wconf 91' lang='lat' dir='ltr'>N.</span> <span class='ocrx_word' id='word_1_197' title='bbox 615 3213 660 3277; x_wconf 92' lang='lat' dir='ltr'>H.</span> <span class='ocrx_word' id='word_1_198' title='bbox 694 3213 762 3281; x_wconf 84' lang='lat' dir='ltr'>VH</span> <span class='ocrx_word' id='word_1_199' title='bbox 786 3216 843 3277; x_wconf 80' lang='lat'>48:</span> <span class='ocrx_word' id='word_1_200' title='bbox 875 3214 1059 3296; x_wconf 82' lang='lat' dir='ltr'>Ephorus</span> <span class='ocrx_word' id='word_1_201' title='bbox 1088 3213 1305 3298; x_wconf 85' lang='lat' dir='ltr'>(historicusl)</span> <span class='ocrx_word' id='word_1_202' title='bbox 1335 3212 1503 3277; x_wconf 86' lang='lat' dir='ltr'>Arcadum</span> 
     </span>
     <span class='ocr_line' id='line_1_27' title="bbox 325 3319 1502 3404; baseline -0.003 -19"><span class='ocrx_word' id='word_1_203' title='bbox 325 3343 418 3403; x_wconf 87' lang='lat' dir='ltr'>reges</span> <span class='ocrx_word' id='word_1_204' title='bbox 444 3319 530 3385; x_wconf 89' lang='grc'>000</span> <span class='ocrx_word' id='word_1_205' title='bbox 564 3343 668 3385; x_wconf 88' lang='lat' dir='ltr'>annos</span> <span class='ocrx_word' id='word_1_206' title='bbox 700 3322 837 3385; x_wconf 87' lang='lat' dir='ltr'>vixisse“</span> <span class='ocrx_word' id='word_1_207' title='bbox 871 3321 997 3404; x_wconf 87' lang='lat' dir='ltr'>(eadem</span> <span class='ocrx_word' id='word_1_208' title='bbox 1031 3321 1166 3386; x_wconf 76' lang='lat' dir='ltr'>Censor.</span> <span class='ocrx_word' id='word_1_209' title='bbox 1213 3321 1267 3384; x_wconf 91' lang='lat' dir='ltr'>Do</span> <span class='ocrx_word' id='word_1_210' title='bbox 1298 3320 1350 3384; x_wconf 93' lang='lat' dir='ltr'>die</span> <span class='ocrx_word' id='word_1_211' title='bbox 1382 3326 1449 3384; x_wconf 89' lang='lat' dir='ltr'>nat.</span> <span class='ocrx_word' id='word_1_212' title='bbox 1475 3341 1502 3382; x_wconf 92' lang='lat' dir='ltr'>c.</span> 
     </span>
     <span class='ocr_line' id='line_1_28' title="bbox 324 3428 458 3508; baseline 0.007 -16"><span class='ocrx_word' id='word_1_213' title='bbox 324 3428 458 3508; x_wconf 88' lang='lat' dir='ltr'>XVII).</span> 
     </span>
    </p>

    <p class='ocr_par' dir='ltr' id='par_1_6' title="bbox 325 3533 1505 4045">
     <span class='ocr_line' id='line_1_29' title="bbox 415 3533 1503 3618; baseline 0 -22"><span class='ocrx_word' id='word_1_214' title='bbox 415 3534 469 3599; x_wconf 86' lang='lat' dir='ltr'>Ita</span> <span class='ocrx_word' id='word_1_215' title='bbox 492 3535 593 3618; x_wconf 89' lang='lat' dir='ltr'>igitur</span> <span class='ocrx_word' id='word_1_216' title='bbox 616 3534 755 3599; x_wconf 85' lang='lat' dir='ltr'>fortasse</span> <span class='ocrx_word' id='word_1_217' title='bbox 776 3533 968 3598; x_wconf 87' lang='lat' dir='ltr'>Acusilaum</span> <span class='ocrx_word' id='word_1_218' title='bbox 998 3556 1127 3618; x_wconf 91' lang='lat' dir='ltr'>quoque</span> <span class='ocrx_word' id='word_1_219' title='bbox 1159 3534 1199 3599; x_wconf 91' lang='lat' dir='ltr'>de</span> <span class='ocrx_word' id='word_1_220' title='bbox 1231 3534 1416 3599; x_wconf 89' lang='lat' dir='ltr'>hominihus</span> <span class='ocrx_word' id='word_1_221' title='bbox 1438 3557 1503 3615; x_wconf 84' lang='grc' dir='ltr'>μα-</span> 
     </span>
     <span class='ocr_line' id='line_1_30' title="bbox 325 3640 1502 3724; baseline 0 -21"><span class='ocrx_word' id='word_1_222' title='bbox 325 3645 462 3724; x_wconf 79' lang='grc' dir='ltr'><strong><em>κραίιοσι</em></strong></span> <span class='ocrx_word' id='word_1_223' title='bbox 487 3640 586 3704; x_wconf 90' lang='lat' dir='ltr'>verba</span> <span class='ocrx_word' id='word_1_224' title='bbox 618 3640 733 3705; x_wconf 87' lang='lat' dir='ltr'>fecisse</span> <span class='ocrx_word' id='word_1_225' title='bbox 759 3642 916 3724; x_wconf 90' lang='lat' dir='ltr'>suspicor.</span> <span class='ocrx_word' id='word_1_226' title='bbox 963 3642 1009 3706; x_wconf 83' lang='lat' dir='ltr'>Et</span> <span class='ocrx_word' id='word_1_227' title='bbox 1031 3663 1067 3706; x_wconf 86' lang='lat' dir='ltr'>re</span> <span class='ocrx_word' id='word_1_228' title='bbox 1092 3664 1169 3707; x_wconf 84' lang='lat' dir='ltr'>vera</span> <span class='ocrx_word' id='word_1_229' title='bbox 1193 3642 1328 3706; x_wconf 91' lang='lat' dir='ltr'>dubium</span> <span class='ocrx_word' id='word_1_230' title='bbox 1352 3646 1502 3721; x_wconf 85' lang='lat' dir='ltr'>nonest,</span> 
     </span>
     <span class='ocr_line' id='line_1_31' title="bbox 326 3745 1504 3831; baseline -0.001 -21"><span class='ocrx_word' id='word_1_231' title='bbox 326 3749 404 3829; x_wconf 91' lang='lat' dir='ltr'>quin</span> <span class='ocrx_word' id='word_1_232' title='bbox 428 3745 490 3810; x_wconf 92' lang='lat' dir='ltr'>hoc</span> <span class='ocrx_word' id='word_1_233' title='bbox 513 3747 703 3811; x_wconf 87' lang='lat' dir='ltr'>lacunarum</span> <span class='ocrx_word' id='word_1_234' title='bbox 729 3747 963 3831; x_wconf 90' lang='lat' dir='ltr'>explendarum</span> <span class='ocrx_word' id='word_1_235' title='bbox 991 3749 1263 3813; x_wconf 87' lang='lat' dir='ltr'>medicamentum</span> <span class='ocrx_word' id='word_1_236' title='bbox 1287 3748 1316 3812; x_wconf 91' lang='lat' dir='ltr'>ei</span> <span class='ocrx_word' id='word_1_237' title='bbox 1339 3745 1504 3812; x_wconf 88' lang='lat' dir='ltr'>interdum</span> 
     </span>
     <span class='ocr_line' id='line_1_32' title="bbox 326 3853 1505 3938; baseline 0.001 -22"><span class='ocrx_word' id='word_1_238' title='bbox 326 3853 545 3937; x_wconf 87' lang='lat' dir='ltr'>gratissimum</span> <span class='ocrx_word' id='word_1_239' title='bbox 562 3862 661 3937; x_wconf 88' lang='lat' dir='ltr'>atque</span> <span class='ocrx_word' id='word_1_240' title='bbox 677 3854 891 3937; x_wconf 88' lang='lat' dir='ltr'>peridoneum</span> <span class='ocrx_word' id='word_1_241' title='bbox 908 3855 1017 3938; x_wconf 84' lang='lat' dir='ltr'>fuerit,</span> <span class='ocrx_word' id='word_1_242' title='bbox 1043 3877 1114 3919; x_wconf 89' lang='lat' dir='ltr'>cum</span> <span class='ocrx_word' id='word_1_243' title='bbox 1131 3854 1300 3920; x_wconf 90' lang='lat' dir='ltr'>historiam</span> <span class='ocrx_word' id='word_1_244' title='bbox 1317 3854 1505 3919; x_wconf 86' lang='lat' dir='ltr'>continuam</span> 
     </span>
     <span class='ocr_line' id='line_1_33' title="bbox 327 3960 1077 4045; baseline 0.009 -21"><span class='ocrx_word' id='word_1_245' title='bbox 327 3960 469 4024; x_wconf 86' lang='lat' dir='ltr'>scribere</span> <span class='ocrx_word' id='word_1_246' title='bbox 494 3961 658 4024; x_wconf 86' lang='lat' dir='ltr'>studuerit</span> <span class='ocrx_word' id='word_1_247' title='bbox 681 3968 714 4026; x_wconf 91' lang='lat' dir='ltr'>et</span> <span class='ocrx_word' id='word_1_248' title='bbox 738 3961 820 4026; x_wconf 88' lang='lat' dir='ltr'>bene</span> <span class='ocrx_word' id='word_1_249' title='bbox 845 3969 1077 4045; x_wconf 87' lang='lat' dir='ltr'>comparatam.</span> 
     </span>
    </p>

    <p class='ocr_par' dir='ltr' id='par_1_7' title="bbox 415 4067 1263 4153">
     <span class='ocr_line' id='line_1_34' title="bbox 415 4067 1263 4153; baseline 0.002 -23"><span class='ocrx_word' id='word_1_250' title='bbox 415 4067 650 4152; x_wconf 83' lang='lat' dir='ltr'>Fragmentum</span> <span class='ocrx_word' id='word_1_251' title='bbox 674 4069 715 4133; x_wconf 90' lang='lat' dir='ltr'>ad</span> <span class='ocrx_word' id='word_1_252' title='bbox 740 4075 864 4133; x_wconf 89' lang='lat' dir='ltr'>certum</span> <span class='ocrx_word' id='word_1_253' title='bbox 887 4073 978 4153; x_wconf 82' lang='grc' dir='ltr'><strong><em>γένος</em></strong></span> <span class='ocrx_word' id='word_1_254' title='bbox 1001 4069 1116 4134; x_wconf 79' lang='lat' dir='ltr'>referri</span> <span class='ocrx_word' id='word_1_255' title='bbox 1140 4070 1263 4152; x_wconf 87' lang='lat' dir='ltr'>nequit.</span> 
     </span>
    </p>
   </div>
   <div class='ocr_carea' id='block_1_5' title="bbox 810 4339 1025 4346">
    <p class='ocr_par' dir='ltr' id='par_1_8' title="bbox 810 4339 1025 4346">
     <span class='ocr_line' id='line_1_35' title="bbox 810 4339 1025 4346; baseline 0.005 -1"><span class='ocrx_word' id='word_1_256' title='bbox 810 4339 1025 4346; x_wconf 63' lang='lat'><strong>——-—-.-.</strong></span> 
     </span>
    </p>
   </div>
   <div class='ocr_carea' id='block_1_6' title="bbox 0 0 1759 5116">
    <p class='ocr_par' dir='ltr' id='par_1_9' title="bbox 0 0 1759 5116">
     <span class='ocr_line' id='line_1_36' title="bbox 0 0 1759 5116; baseline 0 0"><span class='ocrx_word' id='word_1_257' title='bbox 0 0 1759 5116; x_wconf 95' lang='lat' dir='ltr'> </span> 
     </span>
    </p>
   </div>
  </div>
 </body>
</html>
