3486 5116
750 423 958 482 ,23Μ

261 610 331 697 [τὰς
348 613 383 698 h]
409 613 574 698 σταγόνας,
600 613 679 678 κατὰ
697 623 754 702 τῆς
770 623 834 701 γῆς,
860 613 895 692 ἐξ
909 604 952 680 ὧν
976 620 1167 702 γεννηθῆναι
1190 614 1262 692 τοὺς
1283 619 1433 692 Φαίακας·

261 718 291 784 αἱ
307 719 340 784 δὲ
355 718 430 797 τοὺς
448 724 611 805 Γίγαντας.
637 723 702 786 Καὶ
725 714 878 799 Ἀλκαῖος
894 722 927 787 δὲ
943 721 1023 787 κατὰ
1041 722 1081 786 τὰ
1099 715 1180 787 αὐτὰ
1196 732 1243 810 τῷ
1259 715 1435 788 Ἀκουσι-

259 826 336 913 λάῳ
362 826 454 913 [κατὰ
478 868 520 874 -
544 820 616 893 'Aa
642 853 703 894 orn.
728 830 769 915 L]
802 831 887 915 λέγει
911 829 985 907 τοὺς
1011 835 1158 907 Φαίακας
1181 828 1263 912 ἔχειν
1286 830 1323 896 τὸ
1346 834 1462 915 γένσςτ

261 931 380 1000 ἐκτῶν
404 934 567 1021 σταγόνων
589 945 647 1000 τσῦ
673 931 822 1024 Οὐρανοῦ.
1356 939 1390 1006 h.

348 1075 419 1128 Let
439 1081 456 1140 s,
477 1081 550 1142 quod
576 1096 702 1130 summas
731 1096 775 1131 rus
802 1084 908 1142 attinet,
938 1083 1008 1131 inter
1027 1099 1058 1131 sc
1078 1083 1264 1132 consentiunt.
1302 1083 1380 1140 Quod
1400 1083 1435 1130 ad

260 1169 386 1229 formam,
406 1184 424 1232 p
444 1170 549 1232 saepius
569 1172 624 1219 aL
644 1173 651 1218 l
671 1172 824 1234 discrepat;
846 1172 921 1220 hunc
940 1173 1052 1220 exhihot
1072 1173 1168 1220 linem:
1190 1168 1301 1221 ”Atta
1322 1168 1352 1221 δὲ
1372 1171 1436 1234 τοὺς

266 1257 401 1324 Γίγαντας
420 1257 509 1326 φασὶν
527 1258 584 1308 ἀπὸ
604 1262 660 1308 τῶν
679 1261 815 1309 τοιούτων
833 1257 970 1328 γενέσθαι
992 1261 1144 1328 σιαγόνων.

349 1348 377 1397 οἱ
397 1345 435 1412 tr}
456 1348 519 1397 Hes¹
539 1349 587 1397 Th.
608 1347 669 1400 185.

349 1433 494 1500 ἈλναῐοςΙ
516 1438 563 1500 frg.
584 1436 636 1487 116
656 1439 744 1501 Bergk
765 1436 840 1487 l'LG4
860 1439 895 1487 [ΙΙ
915 1454 940 1502 p.
961 1436 1021 1490 185.

350 1558 498 1626 Acusilai
522 1561 620 1643 igitur
645 1583 684 1624 ex
708 1568 815 1626 mente
841 1560 944 1626 Urani
975 1563 1116 1628 mutilati
1143 1565 1310 1644 sanguinis
1335 1570 1435 1646 guttae

259 1667 292 1729 in
318 1667 421 1731 solum
446 1668 636 1733 deciderant
659 1668 821 1753 (τουτέστι
837 1668 994 1753 σταγόνας
1018 1670 1202 1734 scholiastae
1220 1670 1355 1734 alicuius
1380 1670 1435 1734 ad-

259 1775 461 1840 notationem
484 1777 666 1840 narrationi
694 1778 805 1859 inepte
834 1778 993 1842 insertam
1017 1799 1088 1842 esse
1113 1799 1207 1841 nemo
1233 1799 1299 1840 non
1325 1777 1434 1859 videt),

261 1881 412 1965 equibus
427 1882 585 1948 Phaeaces
602 1884 759 1965 originem
784 1885 957 1948 duxerunt.
994 1882 1102 1967 Quam
1125 1884 1349 1966 genealogiam
1373 1884 1436 1947 nisi

260 1988 347 2071 apud
370 1987 519 2054 Alcaeum
537 1990 767 2074 Rhodiumque
791 2012 951 2074 nusquam
976 1990 1259 2074 deprehendimus,
1292 1991 1435 2054 Multum

260 2103 372 2160 nostra
394 2097 533 2162 interest
565 2098 747 2181 enucleare,
780 2119 839 2163 cur
862 2099 924 2162 hoc
954 2105 1092 2163 stemma
1115 2096 1291 2163 Acusilaus
1315 2104 1433 2180 praetu-

259 2202 335 2266 lerit
367 2204 462 2268 alteri
492 2204 539 2268 illi
571 2226 635 2269 non
667 2205 834 2284 inusitate,
867 2205 954 2288 quod
986 2227 1025 2269 ex
1056 2205 1196 2269 Phaeace
1228 2211 1261 2268 et
1292 2202 1436 2288 Corcyra

262 2309 417 2374 Phaeaces
432 2318 528 2376 natos
546 2334 616 2376 osse
633 2319 785 2378 narraret
800 2313 856 2397 (cf.
875 2335 924 2377 ex.
942 2335 989 2393 gr.
1006 2312 1138 2377 Hellan.
1156 2313 1215 2394 lrg.
1233 2311 1301 2398 45).
1325 2313 1355 2375 E
1372 2314 1435 2375 iam

259 2417 367 2482 invitis
398 2418 493 2483 nobis
518 2441 552 2483 so
577 2418 673 2483 oflert
702 2421 853 2503 suspicio,
887 2421 1014 2484 auctori
1038 2421 1071 2483 in
1095 2420 1203 2484 animo
1227 2420 1327 2484 fuisse
1353 2419 1436 2482 Dre-

259 2546 378 2606 panam
390 2526 540 2610 insulam,
553 2527 730 2592 Phaeacum
744 2527 864 2608 sedern,
879 2549 951 2592 cum
964 2527 1047 2592 salce
1061 2525 1236 2614 (ὄρεαάνη),
1254 2549 1319 2610 qua
1332 2526 1437 2592 Urani

260 2633 366 2696 virilia
396 2632 547 2717 Iuppiter
580 2635 773 2700 desecuerat
803 2635 857 2722 (cf.
883 2635 983 2702 schol.
1008 2634 1074 2719 Ap.
1098 2635 1163 2700 Rh.
1189 2643 1218 2699 Δ
1242 2636 1332 2719 984),
1361 2655 1436 2699 con-

255 2740 446 2824 jungere.⁴⁰)
493 2741 538 2804 Et
562 2763 676 2807 revera
700 2742 774 2807 talis
799 2764 908 2806 rerum
934 2764 1099 2807 connexus
1124 2765 1143 2806 a
1167 2750 1279 2808 nostro
1303 2743 1435 2807 minime

260 2847 480 2933 abhorret;⁴¹)
504 2850 601 2914 immo
619 2856 746 2914 contra:
771 2872 824 2914 res
849 2850 911 2914 sibi
933 2851 1080 2932 cognitas
1098 2872 1171 2914 eum
1188 2851 1353 2915 consuisse
1378 2872 1436 2913 un-

260 2955 357 3038 dique
383 2955 488 3020 elucet
511 2978 616 3039 neque
647 2957 769 3022 nullius
792 2958 948 3021 momenti
981 2978 1052 3021 esse
1084 2958 1264 3040 putaverim
1289 2958 1322 3021 id
1347 2956 1435 3039 quod

260 3063 356 3127 huius
379 3063 483 3145 ipsius
508 3065 687 3128 stemmatis
713 3064 926 3128 Acusilaus
950 3065 1043 3128 testis
1067 3064 1231 3128 laudatur.
1264 3064 1370 3128 Nemo
1397 3085 1436 3127 ex

261 3171 431 3234 sententiis
456 3191 475 3234 a
499 3170 675 3235 scholiasta
691 3172 777 3235 inter
802 3194 835 3236 se
860 3172 1020 3255 oppositis
1038 3171 1219 3253 concludet,
1245 3171 1435 3236 Acusilaum

259 3277 366 3342 nullos
390 3278 452 3342 nisi
476 3277 634 3342 Phaeaces
659 3301 698 3342 ex
723 3279 827 3343 Urani
859 3300 975 3343 cruore
1006 3283 1095 3343 ortos
1120 3278 1272 3344 habuisse
1298 3278 1435 3360 ideoque

260 3385 445 3467 contendet,
471 3406 543 3448 eum
569 3385 609 3448 ab
626 3384 786 3469 Hesiodo,
811 3407 908 3468 quem
924 3385 1005 3450 illud
1030 3383 1060 3449 oi
1077 3384 1110 3449 δὲ
1134 3391 1282 3469 spectare
1307 3385 1436 3449 videtur

260 3492 315 3577 (cf.
341 3514 411 3575 cap.
436 3491 516 3578 III),
550 3492 747 3556 discessisse.
795 3494 856 3574 Eo,
889 3493 977 3576 quod
1006 3493 1066 3558 soli
1089 3493 1246 3556 Phaeaces
1279 3492 1434 3557 hocloco

260 3605 417 3664 vocantur
457 3606 490 3663 et
528 3601 646 3664 tertius
686 3600 949 3683 genealogiarum
987 3600 1071 3665 liber
1103 3601 1264 3683 expressis
1303 3599 1436 3664 additur

260 3706 378 3788 verbm,
418 3706 584 3771 evidenter
611 3707 779 3790 probatur,
819 3707 915 3772 huius
954 3708 1066 3792 populi
1105 3709 1264 3791 originem
1301 3729 1366 3772 non
1402 3708 1436 3771 in

260 3813 450 3899 theogonia,
498 3815 556 3880 sed
594 3816 627 3878 in
667 3821 838 3880 stemmate
880 3815 989 3898 aliquo
1030 3815 1213 3880 enarrando
1254 3815 1435 3898 expositum

260 3919 371 3985 luisse.

348 4100 381 4167 ⁴¹⁰)
402 4104 532 4154 Acusilau
552 4105 627 4154 euim
649 4105 779 4154 Plueaccs
794 4105 935 4166 Drepancs
950 4104 1119 4152 habitatores
1140 4103 1196 4151 noti
1216 4117 1280 4152 esse
1299 4107 1435 4166 poterant,

260 4194 379 4254 Wilam.,
400 4196 504 4246 homer.
527 4195 635 4244 Unters.
656 4192 709 4245 170
728 4208 766 4245 se.

348 4279 381 4344 41)
402 4283 440 4332 Cf.
460 4299 503 4335 ex.
523 4298 562 4346 gr.
583 4285 632 4347 frg.
652 4282 695 4344 26,
724 4283 752 4331 in
771 4298 827 4346 uuo
853 4289 965 4332 taurum
992 4282 1129 4331 Creticum
1154 4282 1291 4344 Europam
1319 4281 1436 4344 rapienti

261 4373 383 4422 annectit
401 4377 506 4423 auctor.
