3486 5116
793 437 1012 499 ..50-

314 630 494 713 Tlepolemi
519 637 622 696 mater
645 652 711 694 nou
736 637 879 697 vocatur.
912 630 1049 694 Homeri
1074 637 1173 714 atque
1190 631 1335 695 Acusilai
1361 638 1491 697 senten-

314 738 378 802 tias
402 745 595 801 connectere
620 737 730 801 studet
756 734 1048 820 Apollodorus¹⁰⁷)

404 841 566 926 Quoniam
590 845 733 908 auctoris
757 843 860 907 nostri
884 863 966 926 opus
982 843 1179 930 γενεαλογίαν
1199 844 1391 927 inscriptum
1416 844 1488 925 fuit,

314 970 379 1014 nou
403 949 443 1014 ad
462 949 597 1014 Troicos
618 971 681 1030 ree,
706 949 763 1013 sed
780 949 821 1013 ad
839 948 1155 1033 Heraclidaru1n¹⁰⁸l
1172 953 1245 1036 γένη
1261 949 1489 1032 fragmentum,

315 1057 341 1120 si
366 1056 496 1139 quidem
521 1056 669 1121 Acusilai
694 1061 752 1132 est,
779 1055 918 1120 referam

403 1217 502 1301 Frg.
527 1217 584 1282 37
609 1214 680 1302 (27)
705 1250 730 1266 ε
753 1215 852 1282 schol.
877 1217 972 1282 Hom.
997 1216 1016 1279 l
1040 1219 1105 1282 5:20
1131 1218 1204 1296 QV:

403 1372 600 1460 Edpdicvlov]
626 1367 814 1460 Είρύντοίος
837 1367 1046 1461 ὃἈστοὸχρς
1069 1376 1123 1440 καὶ
1143 1377 1286 1464 Τηλέφου
1308 1386 1363 1442 τοῦ
1387 1370 1490 1464 (Ηρα-

314 1483 421 1560 κλέους
446 1494 524 1559 ,ταῖς
546 1482 650 1564 ίαχιὺν
680 1482 736 1570 τὴν
760 1481 914 1568 ντατρρίαν
944 1475 1045 1570 ἆρχῆν
1070 1491 1125 1570 τῆς
1150 1489 1275 1561 Μυσίας
1298 1486 1486 1570 ττροίστατσ,

314 1589 502 1672 ,τσθόμενος
525 1590 556 1654 δὲ
583 1595 731 1676 Πρίαμος
763 1590 839 1675 περὶ
862 1599 919 1678 τῆς
942 1589 1057 1654 τούτου
1088 1590 1250 1672 δυνάμεως
1274 1589 1421 1674 ’ἐπεμψεν
1445 1585 1492 1669 τίς

314 1688 412 1762 αίτὸν
433 1695 487 1762 ἵνα
510 1702 728 1784 παραγένηται
751 1696 926 1780 σύμμαχος.
952 1697 1102 1774 είντόντος
1121 1690 1268 1763 diotimo
1286 1692 1402 1776 ὠςοῦκ
1419 1698 1489 1786 ἐξῆν

286 1795 401 1889 ταύτῷ
425 1803 477 1868 διὰ
501 1803 556 1886 τὴν
579 1809 708 1891 μητέρα,
733 1802 881 1889 ἔπεμψεν
904 1796 1082 1890 ὁΙΙρίαμος
1103 1813 1140 1892 τῇ
1155 1808 1252 1892 μητρὶ
1275 1799 1373 1871 αὐτοῦ
1390 1807 1492 1893 δῶρον

314 1903 472 1997 Ἀστοίνρῃ
500 1920 616 1998 χρυσῆν
639 1905 793 1993 ἄμπελον·
817 1904 836 1999 ἡ
859 1910 893 1976 δὲ
915 1911 1055 1994 λαβοῦσα
1086 1910 1141 1999 τὴν
1169 1905 1313 1995 ίίμντελον
1335 1913 1390 1979 τὸν
1421 1913 1491 1979 viiiv

314 2015 461 2101 ’ἐπεμψεν
492 2016 547 2082 ἐπὶ
579 2023 759 2103 στρατείαν,
791 2017 828 2085 ὃν
850 2017 1079 2100 Νεοπτόλεμος
1103 2012 1120 2083 ὁ
1143 2028 1198 2083 τοῦ
1223 2011 1397 2102 'illistam
1419 2020 1492 2098 οἶος

313 2109 447 2211 ἀναιρεῖ.
474 2119 491 2211 ἡ
514 2124 547 2190 δὲ
572 2125 696 2210 ἱστορία
720 2125 808 2212 παρὰ
833 2117 1085 2212 Ἀκουσιλάῳ.

402 2289 459 2340 bs.
488 2287 580 2356 δῶρον
605 2319 637 2328 -
665 2289 730 2338 οίόν
756 2290 788 2343 l';
820 2287 904 2357 δῶρα.
933 2291 947 2354 lp
978 2287 1007 2338 di
1032 2286 1163 2351 λαβοῦσα
1192 2289 1239 2338 τὸν
1266 2289 1330 2340 υἱὸν
1348 2289 1369 2349 Q
1388 2293 1491 2340 mediis

473 2379 596 2430 omissis

402 2466 427 2517 8.
456 2468 471 2532 ἡ
492 2463 652 2534 attempta
672 2484 700 2516 a.
721 2463 782 2516 'Aa
804 2480 858 2514 om
879 2465 908 2524 Q.

401 2607 551 2689 Scholiis,
576 2608 696 2692 quibus
720 2607 939 2691 subscriptum
963 2616 1013 2672 est
1030 2599 1048 2694 i}
1065 2605 1192 2692 locuple
1215 2608 1304 2692 παρὰ
1329 2617 1375 2694 τρὶ
1399 2609 1489 2688 δεῖνι,

316 2713 438 2800 ἱστορεῖ
460 2708 477 2780 ὁ
497 2713 584 2780 δεῖνα
606 2716 732 2797 similia,
755 2714 852 2779 fidem
871 2714 1097 2798 denegandam
1121 2736 1191 2780 esse
1213 2715 1332 2799 optime
1357 2715 1488 2781 demon-

314 2823 429 2886 stravit
452 2823 514 2887 Ed.
538 2821 772 2907 Schwartz.¹⁰⁹)
824 2820 952 2904 Saepius
981 2843 1021 2886 ne
1051 2822 1184 2887 verbum
1215 2822 1346 2905 quidem
1376 2822 1491 2887 scholii

313 2929 355 2992 ad
368 2936 535 2994 auctorem
549 2929 767 3012 subscriptum
779 2929 895 2994 referri
908 2935 1026 3012 potest.
1067 2927 1178 3012 Quare
1190 2928 1374 3014 fragmenta
1387 2932 1427 2995 37
1447 2933 1488 2993 38

314 3039 355 3101 39
366 3038 407 3100 40
417 3035 524 3101 dubiis
537 3036 705 3118 adscripsi.
723 3034 954 3114 Nihilominus
969 3058 1045 3099 num
1055 3035 1193 3100 fortasse
1205 3035 1281 3118 quid
1296 3037 1388 3101 exiis
1402 3035 1491 3100 Acu-

314 3143 394 3208 silao
420 3143 536 3208 elicere
560 3144 731 3227 possimne,
756 3142 964 3226 exploremus
988 3149 1020 3207 et
1043 3144 1182 3226 primum
1208 3143 1339 3226 quidem
1363 3165 1488 3226 quaera-

313 3272 393 3330 mus,
418 3271 567 3332 quaenam
591 3251 675 3314 ratio
699 3250 732 3313 in
757 3248 917 3314 eiusmodi
938 3249 1068 3314 scholiis
1086 3249 1296 3333 disponendis
1320 3256 1419 3333 atque
1443 3250 1492 3313 in·
1538 3255 1541 3260 ’

313 3357 480 3439 quireudis
503 3356 597 3421 nobis
622 3355 809 3421 adhibenda
832 3357 885 3424 sit.
931 3355 972 3419 In
996 3357 1181 3421 universum
1206 3356 1280 3421 illas
1304 3356 1489 3421 fabularum

312 3470 423 3546 partes
447 3485 519 3547 quae
544 3485 597 3528 res
621 3462 864 3546 amplectuntur
888 3464 929 3528 ab
945 3463 1180 3545 antiquissimis
1196 3463 1399 3546 temporibus
1424 3484 1491 3527 om-

401 3660 446 3726 107)
467 3660 572 3714 11166:
593 3662 769 3726 Astyocham,
790 3661 934 3725 Phylautis
954 3661 1049 3720 filiam,
1070 3675 1105 3710 ex
1125 3661 1242 3711 Hercule
1261 3661 1412 3724 Tlepolemi
1432 3675 1490 3710 ma·

313 3757 383 3803 trem
404 3753 491 3802 luisse
511 3756 612 3812 narrat,
632 3751 829 3815 Astydameian
851 3764 924 3811 vem,
953 3750 1110 3814 Amyntoris
1130 3750 1225 3811 tiliam,
1253 3765 1288 3800 ex
1307 3751 1405 3800 eodem
1426 3751 1491 3798 ller-

312 3843 375 3891 cule
395 3842 517 3904 Ctesippi
536 3837 581 3908 (cf.
600 3842 678 3893 Diod.
699 3837 803 3906 1v37).

403 3928 505 3997 1⁰⁸)Cl.
543 3931 668 3992 Apollod.
704 3928 813 3992 111493
852 3929 929 3978 Diod.
963 3929 996 3977 IV
1019 3926 1099 3989 36,1
1129 3929 1292 3993 (Compend.
1330 3928 1489 3992 mythot.!);

312 4021 436 4083 Apollod.
464 4033 507 4082 ep.
526 4018 552 4080 3,
580 4017 628 4082 133
656 4020 723 4082 Hyg.
744 4033 768 4081 p.
789 4016 832 4078 15,
852 4017 901 4071 10:
929 4015 972 4078 90,
1003 4019 1034 4071 21
1058 4017 1163 4079 Schm.;
1189 4019 1275 4068 schol.
1297 4019 1374 4067 Pind.
1394 4015 1424 4068 0.
1444 4017 1491 4067 Vll

312 4107 357 4160 36.
379 4107 424 4162 40.

401 4195 449 4265 ¹⁰⁹)
475 4199 513 4247 De
542 4198 657 4247 scholiis
687 4197 841 4246 Homericis
869 4199 904 4246 ad
930 4197 1076 4247 historiam
1107 4197 1261 4245 fabularem
1285 4195 1489 4259 pertinentibus

311 4271 455 4341 (Fleckeis.
483 4289 520 4338 lb.
546 4287 640 4351 Suppl.
666 4285 735 4339 1881
762 4301 787 4350 p.
807 4284 860 4337 405
879 4301 918 4336 ss,
955 4287 995 4335 Ad
1015 4291 1143 4335 nostrum
1170 4285 1219 4348 frg.
1240 4285 1380 4348 praecipue
1407 4285 1442 4333 cf.
1463 4299 1489 4347 p.

311 4375 382 4440 421).
420 4377 486 4426 Vide
506 4377 589 4426 etiam
608 4377 779 4426 ninuomum
800 4376 828 4423 in
848 4376 968 4425 editione
987 4375 1086 4426 scholl.
1107 4375 1133 4423 in
1155 4373 1230 4426 iliad.
1253 4375 1261 4423 l
1282 4374 1385 4436 p.le
1405 4387 1428 4423 S.
