3486 5116
720 476 941 546 „19-

241 673 363 738 tionem
387 675 663 758 comprobandam
694 699 772 741 usus
803 683 883 758 erat,
916 678 1083 761 apposuit:
1117 700 1215 763 „ergo
1239 674 1417 744 Acusilans

241 771 415 869 Ἀργέστην
439 783 608 866 epitheton
631 785 833 849 intellexit
851 780 964 870 (oide)“
983 785 1034 850 rel
1050 785 1154 850 simile
1171 786 1259 869 quid.
1293 785 1418 852 Scholi-

243 896 322 954 asta
353 892 552 974 posteriores
581 897 815 957 contraxerunt
838 914 1075 976 perperamque
1098 893 1306 976 interpretati
1331 901 1417 959 sunt.

242 996 379 1061 Minime
396 998 496 1082 igitur
509 997 707 1064 Schwartzio
721 998 959 1084 (Pauly-Wiss.
972 1023 1001 1064 v.
1014 998 1207 1086 Akusilaos)
1224 1000 1418 1085 adstipulor,

243 1125 315 1168 oum
340 1111 508 1170 auctorem
531 1106 638 1171 locum
655 1107 829 1172 obscurum
853 1106 911 1191 (sc.
928 1107 1083 1193 Hesiodi)
1105 1109 1419 1191 interpretatum

244 1232 330 1276 esse
355 1211 495 1292 dicat.³⁴)

332 1319 413 1389 Hes,
447 1319 508 1385 Th.
546 1323 609 1386 379
647 1323 864 1406 cosmogoniae
901 1322 1119 1406 fragmentum
1155 1322 1300 1387 inserere
1335 1343 1420 1387 com·

243 1426 385 1491 mendat.

685 1599 727 1666 B.
753 1598 975 1682 Theogonis.

332 1759 430 1844 Frg.
455 1760 483 1824 9
507 1793 533 1812 =
556 1761 732 1826 Plattodem.
758 1760 833 1847 περὶ
858 1751 960 1842 niort.
980 1780 1016 1843 p.
1043 1763 1088 1826 46
1111 1759 1194 1843 (tob.
1221 1763 1259 1826 61
1269 1761 1303 1843 h)
1327 1760 1383 1825 Gr

334 1909 399 1996 (Of.
424 1911 531 1994 Kern,
554 1911 575 1974 l.
601 1934 626 1977 c.
651 1934 683 1996 p.
710 1915 761 1995 64,
786 1913 842 1977 ubi
866 1912 961 1977 Diels
984 1913 1119 1977 lacunas
1142 1913 1189 1977 ita
1213 1912 1383 1996 explevit):

335 2014 532 2102 [ἐπιθέσθαι
571 2015 803 2104 (ἒπαναστῆναι
841 2020 1010 2084 maluerim
1048 2021 1139 2084 nisus
1176 2019 1305 2083 Philod.
1342 2018 1419 2084 ibid.

245 2122 311 2188 tab.
329 2127 381 2207 60,
401 2128 441 2189 10
459 2128 514 2205 ss.)
539 2133 677 2212 Τυφῶνα
693 2123 864 2212 εἰρή]κα[σι
880 2134 919 2212 τῇ
933 2126 1090 2213 βασιλείᾳ]
1110 2123 1198 2203 Διός,
1226 2119 1282 2211 [ὡς
1297 2124 1422 2207 Αἷσχύ-
1513 2203 1515 2208 ,

245 2230 309 2316 tog]
343 2227 375 2296 ἓν
399 2231 583 2320 Προῂιηθεῑ
613 2235 657 2316 (r.
687 2235 748 2297 351
776 2235 831 2316 ss.)
856 2233 909 2296 καὶ
938 2225 1215 2319 Ἀ]κουσι’λα[ος
1236 2233 1291 2296 καὶ
1315 2224 1419 2318 ἘΜ-1

244 2337 384 2425 parops
405 2338 461 2402 καὶ
484 2332 586 2425 ἄλλοι]
611 2340 747 2404 πολλοί.
763 2389 770 2405 .
784 2389 814 2407 ..

336 2481 438 2547 Ouius
463 2483 637 2566 fragmenti
655 2485 715 2548 etsi
732 2484 829 2548 lectio
846 2484 972 2548 incerta
989 2488 1047 2565 est,
1072 2490 1181 2548 tamen
1198 2483 1331 2547 dubium
1355 2504 1421 2546 non

248 2595 305 2664 est,
331 2589 409 2671 quin
433 2598 661 2672 argumentum
691 2597 781 2656 recte
805 2591 899 2655 Diels
930 2591 1125 2655 restituerit:
1157 2590 1244 2674 quod
1272 2591 1421 2674 inprimis

246 2693 440 2762 confirmant
463 2696 622 2762 linearum
648 2698 852 2781 sequentium
876 2697 1016 2762 frustula
1041 2697 1148 2760 adhuc
1173 2703 1317 2762 serrata:

249 2810 365 2889 Τυφων
368 2852 468 2873 .....
494 2802 574 2880 Διὸς
593 2855 689 2874 .....
717 2804 903 2890 [dubitator
926 2855 1021 2871 .....
1047 2797 1063 2866 ὁ
1087 2802 1165 2880 Ζεὺς
1185 2852 1281 2872 .....
1305 2804 1422 2887 Pugna

245 2909 332 2973 inter
352 2909 465 2974 Iovem
490 2910 747 2994 Typhonemque
772 2911 955 2995 disceptata
978 2912 1043 2974 iam
1067 2918 1142 2975 ante
1166 2911 1359 2975 Acusilaum
1384 2932 1423 2974 ex

247 3015 431 3102 theogonia
448 3017 669 3084 fundamentis
686 3019 757 3101 fuit,
782 3019 903 3102 quippe
921 3040 994 3082 cum
1012 3019 1094 3082 etin
1110 3018 1249 3082 Homeri
1273 3018 1423 3082 carmini-

246 3122 307 3187 bus
337 3144 408 3188 eam
439 3123 642 3190 inveniamus
674 3124 717 3208 (B
743 3129 803 3190 781
832 3122 889 3210 ss.)
921 3131 954 3189 et
976 3125 1144 3190 Hesiodus
1177 3124 1251 3210 (Th.
1277 3127 1341 3188 820
1366 3123 1423 3207 ss)

246 3229 505 3313 praeclarissimis
535 3232 643 3297 verbis
675 3254 746 3296 earn
769 3233 962 3296 narraverit.
1012 3230 1219 3315 Quamquam
1244 3232 1330 3296 enirn
1353 3230 1424 3294 haec

247 3336 445 3422 Theogoniae
469 3361 556 3422 pars,
589 3341 719 3422 qualem
741 3360 829 3404 nunc
851 3339 998 3421 legimus,
1032 3337 1269 3403 recentioribus
1294 3338 1423 3402 demum

247 3445 447 3529 temporibus
472 3447 607 3510 carmini
627 3447 752 3512 inserta
769 3446 873 3531 est,³⁵)
897 3453 1008 3511 tamen
1024 3444 1183 3511 Acusilao
1207 3446 1269 3509 hoo
1294 3445 1423 3526 egregio

248 3554 395 3637 exemplo
419 3554 468 3618 uti
491 3553 593 3620 licuit.

336 3803 369 3873 ³⁴)
389 3806 427 3856 Cf.
441 3820 483 3857 ex.
498 3819 536 3868 gr.
551 3805 672 3854 Hecataei
686 3806 752 3868 legg.
774 3804 824 3856 227
845 3802 898 3856 255
916 3803 969 3856 300
981 3803 1034 3855 348
1050 3801 1102 3854 354
1123 3802 1184 3868 (cur
1203 3817 1258 3852 non
1279 3803 1426 3865 suppletur

247 3892 450 3964 ἡρωολογίᾳῖ),
469 3894 551 3943 deus.
572 3895 620 3957 frg.
641 3893 683 3945 12.

337 3981 369 4047 35)
389 3984 543 4034 WilamoW.
571 3982 633 4032 Eur.
660 3984 723 4034 Her.
743 3981 765 4033 1¹
791 3999 817 4047 p.
837 3981 898 4047 327,
925 3981 985 4044 116,
1015 3983 1051 4032 id.
1072 3979 1095 4030 1²
1114 3979 1175 4032 270.
1195 3979 1255 4042 286,
1284 3981 1368 4030 addit.
1390 3981 1425 4029 ad

248 4070 316 4123 1271
338 4087 359 4121 s.
382 4101 409 4109 -
429 4072 613 4134 Antiquorum
632 4072 680 4134 qui
700 4073 772 4121 hanc
792 4072 915 4121 fabulam
934 4075 1087 4121 tractarunt
1106 4075 1242 4133 praeterea
1261 4069 1425 4118 nominandi

249 4167 315 4211 sunt
334 4161 427 4224 hymn.
448 4162 526 4212 Hom.
546 4161 574 4210 in
594 4161 642 4223 Ap.
662 4162 691 4210 Ρ.
712 4160 763 4212 127
784 4175 823 4212 ss,
844 4159 909 4222 1893
930 4160 1079 4222 Pherecyd.
1101 4159 1149 4222 frg.
1171 4158 1218 4221 14;
1240 4157 1317 4206 Pind.
1339 4155 1369 4205 O.
1392 4157 1426 4206 IV

248 4249 266 4302 8
285 4265 323 4300 ss.
344 4252 372 4300 P.
394 4251 404 4299 l
424 4249 472 4312 16;
492 4250 590 4300 Aesch.
611 4251 702 4302 Prcm.
721 4249 772 4302 351
792 4264 830 4302 ss,
851 4277 879 4285 -
899 4249 1101 4310 compendium
1114 4261 1226 4310 quoque
1239 4247 1308 4294 illud
1322 4247 1425 4308 mytho-

249 4341 368 4403 logicum
383 4340 465 4403 primi
485 4354 510 4389 a.
525 4340 587 4389 Chr.
603 4354 628 4390 n.
649 4340 746 4389 saeculi
766 4340 838 4388 hanc
858 4338 980 4387 fabulam
1000 4337 1156 4399 praebuisse
1175 4350 1210 4384 ex
1224 4335 1347 4398 Apollod.
1368 4333 1424 4384 l41

249 4433 276 4478 et
297 4430 373 4478 Diod.
394 4430 415 4480 V
435 4427 515 4516 7132
535 4443 557 4478 S.
578 4432 701 4491 apparet.
