3486 5116
818 458 1037 521 ,73-

342 657 562 740 pragmatica.
594 655 711 737 Neque
735 653 925 726 historicum
950 673 1008 715 suo
1032 657 1145 715 tenore
1169 650 1352 715 infitiantur
1374 650 1456 732 srgg.
1473 654 1516 715 35

342 770 376 828 et
399 765 440 827 39
465 762 620 844 (fabulam
645 761 890 826 usitatissimam
914 759 1061 842 spernit).

431 875 513 962 Quae
538 899 610 941 cum
633 877 681 941 ita
705 877 771 940 siut
798 896 862 940 non
887 872 1067 956 miraberis,
1096 871 1289 938 Acusilaum
1315 874 1412 937 etiam
1436 879 1515 938 tem-

341 1006 457 1068 porum
473 985 592 1049 rationi
616 983 727 1069 (quam
741 982 838 1065 ¹apud
854 982 1063 1046 Hellanicum
1088 980 1216 1044 demum
1232 980 1330 1063 plane
1354 979 1515 1044 excultam

342 1091 628 1174 deprehendimus)
659 1111 792 1174 operam
813 1109 961 1153 navasse.
1008 1087 1086 1151 Huc
1109 1088 1275 1170 pertinent
1298 1088 1406 1151 omnia
1430 1086 1515 1168 frag-

341 1204 451 1262 menta
482 1219 554 1281 quas
579 1196 710 1280 quidem
741 1181 911 1260 historiam
943 1193 1098 1258 exhibent
1128 1194 1259 1276 proprie
1283 1192 1450 1275 Argiuam,
1480 1195 1515 1256 in

342 1303 459 1387 quibus
492 1305 664 1388 progenies
688 1302 731 1367 ad
754 1303 882 1387 generis
913 1306 1080 1365 auctorem
1110 1299 1308 1382 referuntur,
1338 1300 1515 1382 inquibus

341 1413 462 1486 κτίσεις
500 1417 705 1475 enarrantur.
756 1409 958 1474 Nominatim
997 1405 1131 1472 afferam
1170 1405 1352 1488 fragmenta
1390 1407 1514 1472 haecce:

341 1516 416 1601 Frg.
444 1521 500 1581 16:
525 1517 718 1581 Phoroneus
749 1517 893 1599 primus
924 1514 1109 1607 mortalium
1141 1520 1199 1593 est,
1228 1511 1427 1596 Argivorum
1457 1537 1514 1579 rex

340 1625 498 1706 primus.
524 1662 565 1670 -
590 1624 668 1706 Frg.
688 1628 723 1689 7:
739 1621 905 1687 Achelous
920 1621 1091 1686 fluviorum
1115 1621 1360 1685 veterrimus.
1378 1659 1419 1668 —
1436 1622 1513 1706 Frg.

346 1733 401 1795 17:
421 1730 464 1812 (l)
481 1730 591 1794 Nioba
606 1731 693 1794 lovis
711 1736 892 1794 auratarum
908 1729 1039 1812 prima.
1056 1767 1100 1772 —
1115 1727 1194 1809 Frg.
1220 1731 1272 1809 23,
1290 1749 1353 1810 quo
1378 1711 1514 1793 stemma

341 1857 381 1900 ex
403 1838 508 1920 primo
533 1837 661 1902 mortali
685 1844 792 1902 ortum
817 1837 1013 1902 continetur.
1037 1873 1081 1880 —-
1104 1834 1183 1918 Frg.
1208 1837 1265 1898 35:
1290 1834 1391 1899 Haud
1416 1835 1514 1899 dubie

340 1952 523 2028 temporum
547 1945 631 2008 ratio
656 1965 755 2009 causa
789 1943 851 2007 fuit
883 1964 941 2007 cur
964 1941 1141 2006 Acusilaus
1173 1942 1320 2006 homines
1351 1941 1513 2005 interdum

340 2057 407 2115 tam
429 2054 635 2136 μακραίωνας
658 2050 848 2115 reddiderit.
894 2049 1043 2128 Platonis
1066 2071 1143 2113 vero
1173 2049 1264 2112 locus
1289 2047 1386 2129 (Tim.
1413 2051 1453 2117 22
1468 2049 1511 2130 A,

341 2157 381 2222 cf.
398 2179 429 2240 p.
448 2162 503 2242 28)
529 2159 690 2242 expressis
714 2157 822 2222 verbis
838 2157 933 2241 nohis
949 2163 1100 2237 testatur,
1124 2157 1158 2218 in
1183 2155 1375 2219 saeculorum
1399 2155 1512 2220 ordine

341 2263 532 2330 Acusilaum
563 2265 731 2330 historiam
764 2263 855 2328 suam
879 2263 1100 2328 aedificavisse.
1148 2261 1245 2346 Quod
1271 2268 1342 2326 erat
1363 2262 1512 2344 logogra·

340 2372 489 2455 phorum.

429 2480 492 2551 Rei
516 2482 742 2572 geographicae
766 2486 812 2550 nil
835 2487 898 2550 nisi
922 2487 1058 2570 vestigia
1082 2485 1235 2568 detegere
1258 2485 1350 2549 licet:
1374 2484 1434 2566 frg.
1459 2488 1511 2548 40.

430 2603 585 2686 Quamvis
610 2625 685 2668 vero
710 2624 768 2685 pro
785 2602 1042 2686 fragmentorum
1065 2589 1201 2665 numero
1217 2600 1362 2682 undique
1387 2601 1513 2664 eluceat

340 2708 486 2774 Acusilai
509 2712 713 2794 propositum
746 2709 897 2774 fabulosa
919 2708 1063 2798 abicere,v
1090 2715 1199 2772 tamen
1225 2714 1340 2772 auctor
1364 2707 1512 2771 similiter

340 2825 438 2898 atque
469 2816 648 2881 Hecataeus
683 2817 738 2880 alii
772 2815 915 2880 nondum
952 2815 1120 2879 consilium
1157 2815 1265 2878 omnia
1297 2836 1369 2896 quae
1400 2821 1513 2878 contra

340 2929 490 2986 naturam
514 2930 698 3006 repugnent
721 2922 857 2987 tollendi
880 2921 1041 3005 pertinaci
1065 2914 1172 2985 studio
1199 2921 1417 3004 prosequitur.

429 3036 495 3103 Sed
519 3039 560 3103 ad
584 3039 649 3104 alia
672 3045 887 3103 transeamus.
934 3035 1137 3122 Scriptorum
1167 3058 1304 3119 quorum
1329 3057 1427 3118 supra
1450 3035 1513 3099 feci

340 3146 545 3226 mentionem,
570 3151 730 3227 praeterea
746 3144 816 3226 fuit,
841 3145 957 3227 patriae
977 3145 1043 3208 sive
1060 3143 1150 3208 urbis
1168 3144 1233 3208 sive
1251 3149 1346 3207 terrae
1362 3141 1512 3224 proprias

341 3272 535 3334 componere
548 3250 777 3331 historias:¹⁵⁹)
795 3249 945 3316 Acusilai
960 3250 1109 3316 conferas
1127 3249 1309 3332 fragmenta
1328 3251 1511 3312 1216-19

342 3361 474 3422 22-29
499 3361 537 3422 31
566 3357 636 3444 (36)
659 3360 758 3441 (37).·

429 3474 475 3538 Ut
498 3475 613 3557 paucis
628 3475 839 3558 complectar:
866 3473 1016 3558 Scriptor
1032 3495 1103 3538 esse
1127 3473 1230 3537 voluit
1253 3473 1281 3536 is
1305 3473 1361 3554 qui
1378 3470 1512 3536 fabulas

341 3586 373 3645 et
397 3601 449 3644 res
475 3586 582 3663 gestas
606 3603 670 3646 non
690 3581 879 3665 simpliciter
903 3581 960 3645 sed
984 3582 1031 3644 ita
1054 3587 1175 3661 narret,
1199 3585 1236 3644 ut
1260 3578 1359 3643 simul
1372 3585 1513 3662 exponat

340 3693 457 3752 eventa
472 3688 558 3751 unde
575 3689 732 3769 originem
749 3689 894 3772 ceperint
919 3694 952 3752 et
974 3687 1137 3770 quomodo
1156 3687 1252 3750 inter·
1266 3677 1300 3750 se
1324 3685 1510 3749 cohaereant

340 3815 501 3876 -quem
526 3815 585 3858 nos
610 3794 790 3858 diceremus
813 3796 1058 3876 pragmaticum
1135 3787 1138 3790 ⁴
1281 3785 1283 3791 ’

429 3907 557 3994 Quibus
572 3910 779 3994 perlustratis
797 3910 972 3989 videamus,
998 3931 1145 3993 quaenam
1163 3908 1311 3974 Acusilai
1335 3908 1411 3972 libri
1427 3930 1510 3973 com-

339 4016 426 4100 plexi
451 4017 515 4081 sint
540 4024 572 4082 et
596 4017 757 4099 quomodo
782 4024 898 4082 auctor
921 4018 1090 4081 materiem
1115 4016 1320 4110 disposuerit.
1362 4014 1512 4100 Forento-

339 4127 408 4208 ytar
432 4125 540 4206 operis
563 4124 663 4188 fuisse
688 4125 818 4189 titulum
842 4124 941 4204 (quod
967 4131 1055 4189 certe
1079 4144 1144 4188 non
1169 4130 1244 4187 aute
1267 4123 1320 4189 IV
1337 4142 1365 4188 a,
1384 4121 1462 4186 Chr.
1480 4144 1512 4188 rr.

429 4300 473 4366 ¹⁵9)
494 4303 628 4352 Charonis
642 4304 827 4366 Lampsaceni
842 4297 928 4369 Ὧραι
943 4299 1160 4371 Λαμψακηνῶν,
1175 4304 1313 4366 Engeonis
1328 4303 1411 4350 Seruii
1426 4297 1513 4368 Ὧραι

339 4391 492 4461 Σαμιακοί,
512 4393 611 4442 Xanthi
631 4389 711 4455 Lycii
732 4389 864 4442 Λυδιακά
884 4397 934 4443 etc,
