3486 5116
801 451 1021 512 ..34-

410 646 451 709 In
475 645 658 728 fragmento
684 648 727 709 26
751 644 901 710 Acusilai
926 644 1089 710 sententia
1113 645 1232 708 ceteris
1256 642 1419 726 posterior
1443 643 1502 707 ad-

322 753 392 818 dita
409 775 478 818 esse
496 753 632 829 videtur,
656 752 745 835 quod
760 753 877 816 iterum
893 753 1056 835 repetitur
1071 752 1125 818 καὶ
1140 750 1363 840 Προμηθέως,
1388 771 1502 834 quam·

321 862 369 925 vis
392 861 496 944 patris
519 881 637 924 nomen
661 861 694 923 in
718 859 905 923 universum
929 859 1144 942 anticipatum
1169 859 1221 923 sit.
1269 855 1338 922 Gur
1362 858 1404 922 ab
1428 857 1499 921 He·

323 967 414 1032 siodo
438 974 551 1031 noster
575 967 771 1041 discesserit,
797 987 911 1030 eruere
936 987 1001 1030 non
1026 963 1173 1050 potui,⁶⁹)

410 1074 577 1160 Narratio,
591 1095 688 1157 quem
701 1073 760 1157 frg.
775 1077 814 1137 21
831 1072 973 1154 exhibet,
987 1072 1143 1157 postulat,
1156 1079 1192 1137 ut
1205 1072 1383 1138 Acusilaus
1401 1073 1500 1137 etiam

322 1181 433 1245 diluvii
457 1180 560 1266 (quod
584 1180 742 1245 Acusilao
766 1180 898 1245 aliunde
921 1180 986 1244 iam
1011 1179 1268 1244 enucleavimus:
1290 1179 1330 1244 cf.
1355 1179 1416 1262 frg.
1444 1176 1502 1264 16)

321 1287 475 1371 Iovisque
500 1287 624 1352 oraculi
648 1288 847 1351 mentionem
870 1287 1000 1351 fecerit:
1025 1308 1098 1369 quae
1122 1287 1231 1351 omnia
1253 1286 1335 1351 illud
1359 1282 1400 1352 τό
1420 1287 1501 1374 περὶ

323 1399 422 1462 Aaou.
446 1396 500 1462 καὶ
524 1404 563 1460 11.
594 1394 647 1471 (cf.
679 1394 740 1480 frg.
768 1396 823 1477 16)
857 1394 945 1458 dicit.
993 1393 1033 1456 In
1065 1415 1103 1458 eo
1135 1394 1223 1476 quod
1246 1393 1433 1458 Deucalion
1467 1399 1501 1457 et

321 1500 451 1585 Pyrrha
467 1502 593 1585 lapides
617 1509 692 1585 post
716 1523 750 1567 se
774 1503 935 1567 iactantes
952 1501 1099 1566 homines
1115 1501 1324 1581 creavissent,
1349 1500 1501 1565 Hesiodo

322 1608 412 1673 fonte
436 1631 514 1673 usus
539 1615 590 1673 est
612 1607 847 1694 Acusilaus.⁷⁰)

411 1791 511 1876 Frg.
535 1791 593 1855 22
617 1788 689 1875 (19)
713 1821 739 1840 =
762 1788 912 1871 Αμοίίοιί.
938 1789 974 1853 ll
998 1786 1110 1872 26:⁷¹)

411 1941 518 2017 Αἷιται
549 1951 632 2036 (scil.
658 1953 818 2035 Λοσίνιττη
850 1949 904 2012 καὶ
932 1938 1053 2034 Ἰφινόη
1082 1947 1137 2011 καὶ
1160 1937 1366 2034 Ἰφιάνασσα)
1398 1947 1431 2012 δὲ
1455 1940 1503 2024 τός

322 2057 570 2146 ἐτελειώθησαν,
600 2054 770 2144 ἐμάνησαν,
801 2049 845 2133 τός
875 2055 933 2138 μὲν
955 2048 1099 2132 Ἡσίοδός
1123 2073 1222 2142 φησιν
1250 2054 1325 2141 (frg.
1350 2055 1416 2140 27),
1448 2049 1499 2120 ότι

322 2167 381 2245 τός
417 2165 576 2231 Διονύσου
610 2163 742 2242 τελετὰς
777 2155 813 2228 ori
848 2163 1061 2244 κατεδέχοντο,
1103 2155 1148 2239 ὥς
1178 2161 1211 2226 δὲ
1245 2153 1502 2240 Ἀκουσίλαος

321 2276 421 2359 λέγει,
457 2273 541 2338 διότι
575 2271 612 2338 τό
647 2280 702 2360 τῆς
730 2267 834 2358 Ἥρας
868 2269 980 2348 ξόανον
1015 2267 1225 2357 ἐξηυτέλισαν.
1264 2267 1432 2354 γενόμεναι
1466 2269 1500 2334 δὲ

295 2383 475 2464 οὲμμανεῖς
499 2378 685 2446 ἐπλανῶντο
715 2370 777 2445 όνό
809 2377 864 2465 την
887 2369 1041 2464 Ἀργείαν
1073 2371 1215 2454 όντασαν,
1250 2365 1350 2454 αὖθις
1381 2376 1414 2441 δὲ·
1444 2376 1502 2462 την

321 2479 497 2574 Ἀρκαδίαν
528 2486 720 2552 διελθοῦσαι
748 2476 819 2568 μετ’
848 2476 1008 2567 ἀκοσμίας
1036 2477 1168 2570 όνιόσης
1199 2482 1251 2548 διὰ
1283 2491 1339 2570 τῆς
1369 2481 1503 2570 ἐρημίας

323 2593 501 2681 ἐτρόχαζον.

413 2755 495 2820 Cum
536 2754 673 2818 diversae
713 2753 832 2818 furoris
880 2775 985 2817 causae
1025 2752 1155 2817 traditae
1196 2753 1261 2816 siut
1300 2774 1498 2835 quaeramus,

323 2885 425 2946 quare
460 2869 574 2926 noster
609 2861 715 2945 (cuius
744 2867 853 2925 tamen
886 2859 1050 2924 sententia
1077 2881 1143 2922 non
1178 2857 1219 2922 ab
1248 2880 1285 2923 eo
1317 2880 1382 2922 uuo
1417 2880 1502 2941 pree-

322 2967 466 3054 beturw)
491 2968 532 3032 ab
549 2967 697 3032 Hesiodo
723 2965 920 3032 discesserit.
957 2966 1094 3030 Poetam
1112 2963 1254 3028 fabulam
1280 2965 1313 3028 in
1330 2963 1500 3049 Catalogis

321 3097 474 3140 narrasse
513 3076 656 3158 probant
694 3074 764 3138 eius
803 3074 988 3157 fragmenta
1031 3075 1172 3137 26-29.
1231 3072 1394 3137 Nimirum
1433 3071 1497 3138 Ar-

410 3322 443 3387 69)
464 3326 626 3374 Acusilaum
652 3325 779 3387 sequitur
798 3325 884 3373 Tzetz.
905 3325 966 3386 [γε.
987 3322 1056 3375 1283
1078 3323 1121 3386 (cl.
1140 3324 1238 3372 Aesch.
1259 3324 1349 3372 Prom.
1369 3322 1422 3374 554
1439 3325 1499 3386 ss).

322 3416 360 3464 De
375 3415 458 3464 variis
472 3415 568 3463 matris
582 3413 743 3463 nominihus
757 3414 790 3462 cs.
805 3413 1021 3462 Preller·Robert
1035 3415 1051 3462 l.
1066 3427 1088 3465 c.
1103 3427 1128 3474 p.
1143 3411 1186 3472 84,
1207 3411 1231 3462 2.
1253 3412 1331 3461 Sturz
1343 3413 1361 3460 l.
1376 3413 1392 3462 l.
1407 3429 1432 3476 p.
1446 3413 1500 3464 224

322 3501 421 3568 Ἀσίας
440 3518 489 3565 pro
509 3501 648 3568 Ἡσιόνης
675 3517 725 3551 nos
753 3503 875 3552 scribere
903 3503 987 3562 iubet,
1015 3503 1147 3565 quoniam
1168 3502 1290 3551 Hesiona
1315 3506 1342 3550 et
1367 3503 1433 3551 Asia
1452 3504 1500 3552 illa

322 3593 452 3642 Herodoti
466 3593 573 3642 eaedem
587 3593 656 3641 sint:
677 3593 838 3641 coniectura
856 3606 920 3654 quae
939 3593 1014 3640 omui
1035 3591 1215 3640 fundamento
1235 3595 1318 3642 caret.
1339 3619 1366 3626 -
1388 3591 1499 3642 Scholio

323 3683 408 3744 Apoll.
429 3682 478 3730 un
505 3682 533 3729 Γ
556 3679 626 3731 1086
652 3681 732 3729 nisus
756 3680 834 3729 Sturz
860 3694 910 3742 pro
938 3685 1084 3744 „corrupto
1104 3680 1232 3728 nomine“
1262 3677 1407 3748 Προνείης
1433 3681 1499 3744 legit

321 3768 490 3839 Πανδώρας.
511 3798 538 3805 —
559 3770 598 3819 Cf.
613 3770 737 3832 Apollod.
759 3770 781 3818 ll
801 3767 844 3830 23,
865 3783 921 3832 quo
941 3769 1003 3818 loco
1017 3769 1148 3832 Clymene
1167 3772 1194 3816 et
1206 3768 1329 3818 Hesiona
1347 3769 1382 3818 de
1400 3770 1500 3820 matris

321 3859 454 3923 dignitate
473 3861 545 3908 iuter
563 3874 595 3909 se
614 3864 728 3909 certent.

410 3947 443 4011 ⁷⁰)
463 3949 528 3999 Hes.
549 3949 597 4012 frg.
618 3947 678 4009 115,
701 3949 749 4011 lrg.
769 3947 838 3998 2ss.
859 3949 974 4007 Usener,
1001 3947 1218 4009 Sintlluthsageu
1238 3961 1264 4008 p.
1284 3943 1326 3997 32.
1346 3945 1389 4000 35.
1410 3976 1437 3984 —
1459 3949 1500 4001 Cl.

323 4039 446 4101 Apollod.
467 4036 545 4096 148,
567 4039 633 4101 llyg.
654 4053 679 4101 p.
700 4034 781 4104 ausa?
803 4037 909 4098 Schm.;
930 4037 1008 4087 Diod.
1029 4033 1101 4098 110,
1122 4035 1146 4085 4.

410 4125 442 4190 71)
463 4127 500 4176 cf.
521 4129 616 4188 Bethe,
636 4128 720 4177 Theb.
742 4128 829 4176 Heldl.
850 4142 876 4190 p.
896 4125 948 4176 173
968 4139 990 4175 s.

410 4210 443 4280 72)
463 4217 645 4280 Lepidissime
666 4219 737 4266 lrarrc
757 4217 879 4265 fabulam
900 4215 1021 4264 narravit
1040 4214 1220 4278 Bacchylides
1234 4213 1257 4262 X
1269 4210 1304 4263 43
1317 4227 1356 4264 ss
1377 4214 1414 4263 Cf.
1430 4229 1500 4277 prae·

321 4311 397 4356 terea
422 4307 535 4355 Pherec.
562 4307 612 4369 lrg.
633 4305 667 4356 24
694 4307 792 4369 (schol.
814 4307 893 4355 llom.
920 4302 1032 4366 0225),
1059 4304 1139 4353 Prob.
1160 4304 1187 4352 in
1207 4303 1284 4365 Verg.
1305 4304 1370 4352 Buc.
1395 4303 1498 4367 v148;

322 4397 397 4445 Serv.
417 4395 496 4458 Verg.
518 4395 573 4444 Ecl.
594 4396 627 4445 l'l
646 4395 694 4458 48;
716 4396 804 4445 schol.
826 4395 892 4445 Stat.
912 4394 996 4444 Theb.
1018 4390 1134 4442 111453.
