3486 5116
734 451 946 512 „43-

249 640 284 721 ἒξ
297 633 481 731 Ἰοφιόσσης
496 651 553 729 τῆς
568 642 704 730 Αἰήτου.
729 643 784 708 καὶ
808 632 901 720 οὗτος
922 647 981 726 μέν
1006 662 1104 731 φησιν
1125 637 1240 720 αὐτοὺς
1259 646 1425 728 τέσσαρας,

242 743 376 837 Ἄργον,
412 749 558 836 Φρόντιν,
586 752 725 829 Μέλανα,
758 755 955 836 Κοτίοιορον.
989 747 1190 836 Ἐπιμενίδης
1220 749 1253 814 δὲ
1275 750 1330 813 καὶ
1358 749 1453 834 (καὶ-ν

248 878 312 925 om.
336 857 379 941 L)
403 862 554 940 πέμπτον
577 862 780 945 προστίθησι
804 861 987 943 Πρέσβωνα.
1346 856 1381 920 L.

203 983 206 989 ’
338 984 363 1036 1.
383 985 498 1049 τούτους
518 983 556 1048 δὲ)
578 987 597 1034 L
616 985 628 1034 f
645 985 678 1036 ὃν
697 982 758 1053 Ἡρ.
778 999 804 1047 p.

338 1072 363 1124 3.
385 1071 527 1137 Ἡσίοδος)
548 1074 586 1123 Cf.
607 1076 656 1137 lrg.
678 1073 738 1150 152.
760 1071 819 1128 153.

337 1161 363 1214 5.
382 1161 563 1232 Κυτίσωρον)
584 1165 603 1212 L
623 1164 635 1213 f
651 1164 699 1214 καὶ
719 1161 862 1231 Κύτωρον
880 1178 905 1226 p.

342 1265 479 1345 Τούτους
508 1270 703 1334 vocabulum
733 1269 857 1334 indicat
887 1270 1080 1334 Acusilaum
1108 1268 1268 1332 Phrixum
1291 1266 1428 1351 Iophos·

249 1397 383 1458 samque
407 1383 561 1459 parentes
585 1377 786 1458 nominasse3
811 1376 899 1460 quod
924 1398 999 1440 vero
1026 1377 1173 1459 sequitur
1194 1363 1287 1450 οὗτος
1310 1374 1428 1438 libero-

249 1503 320 1546 rum
344 1483 477 1546 nomiua
500 1483 555 1546 alii
578 1489 677 1566 atque
701 1489 806 1566 poetar
830 1482 971 1547 adscribi
998 1489 1094 1549 vetat.
1126 1481 1348 1546 Nihilominus
1371 1501 1426 1543 no-

249 1593 354 1651 strum
384 1589 483 1654 etiam
512 1591 545 1653 in
577 1589 689 1654 liberis
720 1589 925 1673 appellandis
956 1611 1027 1653 cum
1052 1588 1200 1653 Hesiodo
1224 1587 1428 1653 consensisse

250 1694 460 1759 indicaverim
485 1718 522 1760 eo
547 1697 636 1761 nisus
661 1696 750 1779 quod
765 1694 885 1782 Argue,
910 1697 1001 1760 ouius
1018 1717 1136 1760 nomen
1157 1717 1197 1760 ex
1214 1694 1329 1760 scholii
1353 1716 1428 1758 con-

248 1807 343 1866 textu
367 1803 465 1866 etiam
489 1801 648 1868 Acusilac
672 1803 918 1868 attribuendum
943 1824 1013 1867 esse
1038 1803 1175 1884 videtur,
1201 1824 1330 1887 semper
1353 1823 1429 1866 con·

245 1907 381 1990 junctus
416 1907 552 1973 affertur
588 1932 661 1975 cum
691 1910 797 1974 tribus
827 1910 892 1974 illis
922 1909 997 1974 filiis
1029 1909 1071 1975 ab
1103 1908 1251 1974 Hesiodo
1283 1910 1428 1973 nomina-

251 2013 347 2094 tis.⁹¹)

339 2122 460 2187 Itidem
485 2124 550 2188 alia
573 2147 614 2190 ex
636 2130 730 2207 parte
756 2130 912 2207 quattuor
936 2123 1113 2188 liberorum
1137 2124 1271 2187 nomina
1295 2123 1335 2187 ah
1359 2120 1428 2186 He-

252 2229 371 2294 siodeis
395 2230 491 2314 plane
509 2231 638 2296 diversa
655 2253 782 2314 semper
799 2231 996 2295 coniunctim
1013 2215 1262 2316 exhihentur.⁹²)
1291 2228 1429 2312 Iophos·

251 2335 369 2417 sam⁹³l
394 2337 454 2401 soli
476 2337 644 2402 Hesiodus
669 2357 701 2403 et
724 2338 901 2403 Acusilaus
926 2344 1064 2402 matrem
1090 2337 1232 2401 tradunt.

341 2442 397 2508 Ad
431 2448 521 2528 γένος
551 2443 728 2509 Βοιωτικόν
762 2445 980 2528 fragmentum
1012 2445 1151 2510 fortasse
1183 2443 1315 2522 referes,
1353 2464 1426 2507 cum

250 2548 408 2614 Phrixum
433 2550 645 2617 Athamantis
670 2551 806 2617 Boeotiae
836 2553 922 2636 regis
946 2552 1048 2616 filium
1072 2552 1172 2616 fuisse
1197 2557 1333 2616 constet.
1380 2548 1428 2615 At

251 2657 401 2722 refellere
430 2679 556 2741 nequeo
589 2681 661 2724 eum
694 2660 751 2741 qui
775 2659 962 2740 contendet,
993 2658 1207 2722 Deucalionis
1239 2657 1428 2741 progeniem

251 2784 363 2828 ansam
396 2765 438 2830 ad
474 2767 689 2830 enamandam
722 2767 990 2849 Argonautarum
1022 2765 1263 2849 expeditionem
1299 2764 1427 2829 dedisse

251 2870 391 2953 ideoque
408 2871 624 2956 fragmentum
650 2873 851 2956 quodmodo
868 2873 1079 2938 tractavimus
1097 2893 1169 2936 oum
1187 2870 1369 2954 fragmento
1386 2873 1427 2934 32

250 2979 491 3043 annectendum
516 3001 587 3044 esse
611 2979 794 3063 fragmento
819 2983 858 3044 21
886 2981 938 3062 (cf.
956 2979 1099 3044 Mueller
1114 2975 1216 3042 FHG
1232 2977 1250 3042 Ι
1266 3000 1298 3061 p.
1317 2981 1428 3061 assae,

251 3083 371 3152 Hecat.
397 3085 457 3170 frg.
483 3089 557 3152 334.
583 3090 657 3151 338.
683 3088 773 3172 339).

340 3211 440 3296 Frg.
465 3211 769 3298 3233311101.
794 3212 901 3293 Apoll.
928 3211 988 3279 Ro.
1014 3211 1093 3295 Arg.
1118 3219 1147 3274 Δ
1173 3211 1267 3276 lm:

335 3328 426 3418 ’Ἵσχε
450 3333 614 3424 δ’ἒκάστην
637 3335 746 3422 allate]
777 3335 828 3402 διὰ
852 3335 975 3402 τούτων
998 3335 1056 3414 τὰς
1079 3335 1207 3423 νύμφας
1232 3335 1331 3422 φησὶν
1355 3332 1429 3399 int-

251 3442 423 3526 3υμοόσας
445 3438 605 3528 ἅψασθαι
627 3452 685 3509 τοῦ
707 3445 830 3527 pallori
853 3443 906 3508 διὰ
929 3443 968 3509 τὸ
989 3442 1104 3521 κάλλος
1132 3437 1220 3525 ὅμως
1243 3441 1430 3524 αἰδουμένας

340 3588 374 3652 ⁹¹)
395 3591 433 3640 Cf.
452 3591 577 3653 Apollod.
598 3591 608 3639 Ι
627 3589 675 3652 83;
698 3591 766 3653 llyg.
787 3605 811 3653 p.
833 3589 876 3650 39,
898 3588 931 3642 19
951 3604 973 3642 S.
994 3588 1037 3650 49,
1058 3588 1082 3641 2.
1103 3588 1147 3649 52,
1169 3587 1203 3640 16
1223 3603 1245 3640 s¹
1266 3588 1358 3638 Schm.

340 3678 374 3744 9ἳ)
394 3680 432 3729 Cf.
452 3695 494 3730 ex.
515 3695 555 3743 gr.
577 3681 643 3743 llyg.
664 3695 689 3742 p.
708 3678 752 3740 49,
780 3682 839 3733 2s.
860 3679 965 3729 Schm:
995 3716 1018 3742 „.
1040 3716 1045 3727 .
1067 3718 1073 3729 .
1094 3679 1162 3728 Item
1190 3683 1371 3727 accesserunt
1395 3693 1430 3726 ex

252 3770 346 3819 insula
364 3770 427 3818 Aria
445 3770 539 3818 Phrixi
559 3774 586 3818 et
604 3769 768 3831 Chalciopes
782 3770 885 3818 Medeae
905 3769 1009 3818 sororis
1029 3768 1078 3816 filii
1097 3769 1186 3830 Argus
1200 3767 1286 3816 Melas
1300 3767 1429 3815 Phrontis

253 3859 395 3923 Cytisorus
420 3857 469 3922 (ut)
494 3859 540 3907 alii
560 3859 638 3908 aiunt
664 3859 808 3922 (vocitatos
832 3857 980 3921 Phronius)
1007 3858 1157 3906 Demoleon
1178 3857 1328 3919 Autolycus
1348 3856 1430 3904 Phlo-

252 3949 342 4012 gius¹‘.

340 4035 373 4102 93)
395 4039 485 4088 Schol.
504 4040 592 4101 Apoll.
612 4039 661 4089 Rh.
683 4037 801 4090 131149:
823 4035 1006 4103 Χαλκιόπην.
1035 4034 1196 4105 Φερεκύδης
1215 4037 1247 4086 ἐν
1265 4037 1335 4100 ἕκτῳ
1354 4032 1431 4102 Εὐη-

251 4129 320 4178 νίαν
344 4127 434 4194 αὐτὴν
458 4145 529 4195 φησι
555 4124 723 4191 καλεῖσθαι,
748 4128 926 4196 παρώνυμον
951 4127 983 4192 (L
1014 4124 1184 4193 Ἐπώνυμον
1209 4139 1225 4188 p
1255 4126 1275 4188 s)
1303 4123 1333 4175 όὲ
1359 4124 1430 4194 αὐτῇ

252 4214 411 4283 Χαλκιόπη
431 4218 478 4267 καὶ
499 4216 636 4286 Ὶοφῶασα
663 4220 701 4275 (L,
722 4220 755 4266 cf.
777 4217 898 4268 Schoem.
918 4216 1021 4279 Opusc.
1042 4217 1065 4264 ll
1085 4231 1110 4278 p.
1131 4214 1191 4275 247,
1219 4213 1267 4277 67;
1293 4212 1430 4282 Ὀφιοῦαα

254 4323 270 4370 p
291 4309 318 4370 1).
356 4307 394 4356 Cf.
416 4308 533 4372 llesych.
559 4323 581 4360 s,
602 4324 626 4357 v.
654 4306 806 4376 Ἰοφῶασα.·
831 4309 848 4373 ἡ
868 4303 1007 4374 χάλκειος
1031 4302 1164 4371 (pollutos
1187 4305 1247 4354 cod.
1272 4300 1430 4368 Χαλκιόπη

252 4401 327 4446 recte
347 4397 470 4460 Mueller)
491 4397 529 4462 ὣς
547 4414 617 4465 φησι
641 4394 808 4466 Φερεκύδης.
