3486 5116
780 464 969 525 ,6-

380 656 525 722 Accedit
548 657 636 741 quod
659 679 834 739 numquam
867 657 975 723 adhuc
998 657 1180 741 fragmenta
1204 660 1389 724 accuratius
1414 682 1466 723 ex·

294 765 440 830 ammata
464 773 563 847 atque
596 771 736 828 tractata
761 771 845 829 sunt.
893 763 959 848 Hic
991 765 1041 829 vel
1064 764 1131 830 illic
1161 772 1289 830 tantum
1320 767 1466 830 homines

293 871 380 935 docti
397 872 567 936 occasione
585 871 663 936 data
678 871 831 935 iudicium
858 872 898 935 de
923 870 1032 955 aliquo
1048 873 1256 955 protulerunt
1272 873 1465 957 fragmento,

292 979 410 1061 quibus
433 984 542 1042 tamen
559 1000 625 1043 uon
650 999 777 1062 semper
793 978 1058 1060 adstipulandurn
1083 985 1133 1043 est
1156 1017 1198 1026 -
1222 986 1259 1043 ut
1275 985 1400 1044 taceam
1426 979 1466 1041 de

293 1083 456 1169 sathin
480 1085 611 1167 ineptiis
636 1085 691 1167 qui
714 1083 909 1148 insolentem
932 1085 1113 1166 parasitum
1134 1084 1267 1149 tandem
1283 1107 1322 1150 ex
1338 1085 1468 1149 histori-

293 1213 405 1255 corum
420 1191 609 1256 lonicorum
633 1197 764 1256 caterva
781 1213 815 1254 se
833 1193 966 1256 eiecisse
984 1213 1179 1276 magnopere
1196 1191 1327 1275 gaudet.
1355 1191 1468 1256 Nomi-

293 1299 394 1361 natim
408 1299 724 1362 commemoraverim
738 1320 809 1380 quae
823 1298 988 1364 Vossius
1004 1297 1070 1380 (De
1083 1299 1195 1363 histor.
1211 1295 1318 1363 Graec.
1332 1298 1350 1361 Ι
1363 1319 1432 1380 cap.
1450 1297 1468 1360 Ι

293 1427 323 1486 p.
352 1408 392 1468 12
417 1427 442 1469 s.
466 1403 645 1474 Westerm,
671 1412 704 1468 et
727 1403 805 1468 ibid.
835 1405 910 1470 adn.
936 1404 992 1490 31)
1025 1405 1182 1487 exposuit,
1215 1410 1248 1468 et
1278 1403 1468 1468 Muelleri

293 1511 547 1593 disputationem
563 1509 665 1576 FHG
681 1510 1107 1594 XXXVI—XXXVIII,
1131 1517 1292 1593 praeterea
1308 1532 1380 1593 quae
1396 1510 1468 1574 bre-

295 1620 378 1682 viter
398 1624 431 1683 et
447 1619 529 1683 bene
546 1619 733 1702 complexus
750 1625 800 1684 est
821 1617 1018 1683 Schwartz
1035 1616 1269 1703 (Pauly-Wiss.
1287 1639 1311 1680 s.
1329 1639 1358 1680 v.
1374 1616 1467 1680 Aku-

294 1724 421 1807 silaos)3
454 1725 493 1788 cf.
520 1726 618 1790 etiam
643 1725 797 1806 Busolt,
830 1723 890 1789 Gr.
916 1723 1037 1790 Gesch.
1062 1723 1096 1788 1²
1120 1747 1150 1807 p.
1178 1728 1240 1788 149
1267 1747 1301 1804 s,
1328 1723 1468 1806 denique

293 1833 422 1897 Herm.
448 1832 574 1912 Diels,
600 1832 664 1898 Die
680 1832 878 1914 Fragmeute
903 1831 961 1896 der
978 1831 1242 1912 Vorsokratiker‚
1267 1829 1355 1895 Berl.
1383 1833 1467 1894 1903

293 1963 324 2024 p.
351 1943 536 2004 510-511.
585 1937 740 2004 Ceterum
764 1939 806 2002 ad
831 1961 901 2020 cap.
925 1939 944 2003 Ι
967 1947 1000 2003 te
1023 1938 1144 2021 relego.

289 2095 291 2098 -
382 2047 471 2129 Ergo
510 2047 607 2110 etiam
636 2046 698 2110 hac
730 2068 769 2110 ex
799 2052 894 2129 parte
923 2045 1121 2128 superfluum
1156 2066 1221 2109 non
1258 2052 1308 2109 est
1342 2045 1468 2108 auctori

294 2174 428 2235 operam
452 2153 540 2236 dare,
566 2176 641 2216 num
666 2153 805 2217 fortasse
830 2153 987 2216 nonnulla
1003 2153 1043 2216 do
1059 2150 1217 2216 Acusilao
1235 2153 1368 2234 eiusque
1384 2151 1467 2214 libro

295 2261 456 2343 expiscari
479 2261 585 2328 liceat.

384 2368 504 2449 Itaque
533 2367 613 2430 mihi
640 2369 805 2450 proposui,
837 2368 975 2450 primum
1000 2366 1148 2430 Acusilai
1179 2365 1361 2447 fragmenta
1384 2372 1468 2428 trac-

295 2480 382 2556 tare3
414 2491 488 2537 cum
511 2474 628 2538 deinde
653 2497 724 2557 quae
749 2496 864 2538 revera
887 2475 952 2538 sint
975 2473 1124 2538 Acusilai
1148 2472 1370 2549 enucleavero,
1403 2493 1467 2534 uon

296 2583 442 2645 omittam
468 2603 610 2663 monere,
636 2603 733 2664 quam
751 2583 832 2646 artis
847 2580 1099 2645 necessitudinis
1116 2581 1253 2644 vinculis
1269 2586 1380 2644 noster
1397 2600 1469 2643 cum

294 2687 443 2753 Hesiodo
461 2691 652 2754 coniunctus
669 2689 720 2752 sit.
744 2689 862 2752 Finem
875 2688 1168 2753 dissertatiuncula
1185 2686 1349 2751 nonnullae
1366 2708 1469 2769 quaes-

295 2796 400 2860 tiones
425 2796 467 2860 ad
491 2795 639 2860 Acusilai
662 2795 763 2859 libros
787 2797 988 2878 pertinentes
1012 2795 1143 2859 facient.

384 2974 406 3040 ⁴)
427 2977 469 3026 Gr.
490 2977 642 3040 Littgcsch,
664 2977 675 3025 I
694 2991 719 3039 p.
739 2975 799 3028 346.
819 2975 880 3027 347.
