3486 5116
832 483 871 491 -
920 449 962 510 64

443 638 575 705 Verone
592 660 634 703 an
650 639 732 704 falso
750 639 833 704 libro
847 640 1079 705 commentaria
1092 641 1219 706 addidit
1232 640 1396 709 Sabinus?
1420 643 1528 708 Facil-

353 746 464 810 limum
489 752 539 810 est
562 746 757 811 discernere.
797 747 925 830 Nempe
948 747 1094 830 sophista
1117 771 1182 812 non
1206 748 1361 832 libellum,
1387 752 1441 833 qui
1466 750 1528 815 lec-

354 861 441 918 tores
466 852 647 918 oblectaret
670 853 808 937 ideoque
825 853 1032 918 difficultates
1057 876 1122 919 non
1147 857 1318 938 praeberet,
1344 857 1526 940 explicavit,

354 959 410 1024 sed
434 961 543 1043 potius
567 961 724 1044 scriptum
754 961 896 1044 priscum
928 962 1171 1045 antiquumque,
1205 972 1397 1045 argumento
1428 965 1528 1047 igitur

354 1075 386 1131 et
411 1066 550 1133 fortasse
575 1069 673 1132 etiam
698 1067 802 1132 forma
825 1068 1052 1151 scrupulosum
1069 1074 1168 1152 atque
1193 1069 1323 1134 difficile
1347 1071 1526 1136 intellectu.

443 1173 553 1240 suida
577 1197 642 1239 non
666 1175 762 1239 nimis
786 1196 856 1239 esse
886 1174 1112 1256 confidendum
1139 1198 1238 1259 supra
1261 1179 1381 1242 monui.
1430 1177 1527 1261 Quod

352 1283 392 1346 iis
417 1303 488 1363 quae
512 1282 641 1346 iamiam
659 1283 865 1364 expositurus
882 1304 962 1362 sum,
987 1283 1090 1368 magis
1106 1282 1335 1353 illustrabitur,
1367 1284 1419 1348 De
1436 1283 1525 1348 Acu-

353 1388 425 1451 silai
450 1389 534 1452 enim
558 1389 666 1472 patria
689 1410 794 1471 pauca
816 1391 881 1453 iam
906 1389 1034 1455 addam.

443 1493 565 1560 Omnes
589 1504 739 1560 auctores
763 1498 819 1579 qui
842 1494 992 1560 Acusilai
1023 1497 1163 1578 patriam
1195 1497 1347 1579 produnt,
1362 1541 1364 1548 ·
1380 1520 1445 1562 uno
1470 1519 1526 1562 ore

352 1591 502 1688 'Agyrten
515 1625 588 1666 eum
602 1601 780 1684 dicunt.¹⁴⁰)
813 1601 933 1668 Suidas
946 1602 1075 1666 demum
1087 1603 1235 1686 pleniora
1251 1605 1345 1668 nobis
1358 1607 1526 1688 proponit,

354 1711 422 1774 eius
440 1710 539 1774 verba
563 1719 638 1773 sunt
654 1710 777 1774 hacce:
802 1708 895 1792 Κάβα
917 1707 996 1788 υἱός,
1021 1700 1209 1796 Ἀργεῖος,
1234 1702 1312 1774 dal
1336 1710 1528 1796 Κερκάδος

353 1816 526 1897 (salaciae
548 1838 608 1899 pro
632 1819 790 1899 Κερκαίας
813 1815 985 1882 Villoison.
1012 1815 1139 1880 Anecd.
1165 1816 1202 1881 Τ.
1228 1816 1265 1880 II
1289 1840 1320 1900 p.
1340 1821 1402 1882 163
1428 1826 1525 1902 extr,

352 1923 440 2005 quod
464 1923 669 1988 commendat
693 1923 816 2006 Unger,
845 1923 1004 1988 Thebana
1028 1923 1202 1988 Paradoxa
1226 1946 1256 2006 p.
1283 1928 1343 1989 301
1373 1927 1429 2008 ss)
1458 1927 1526 1991 πό-

351 2031 445 2107 λεως
478 2022 597 2116 οὔσης
626 2021 793 2106 Αὐλίδος
822 2030 996 2116 πλησίον.
1043 2030 1117 2096 Nisi
1151 2029 1260 2095 Suidae
1293 2031 1401 2115 glossa
1431 2033 1526 2097 nobis

351 2144 471 2222 praesto
496 2144 592 2216 esset,
618 2139 727 2203 statim
753 2138 792 2202 dc
809 2136 909 2220 Argis
932 2138 996 2202 illis
1020 2127 1091 2201 κατ’
1107 2134 1223 2224 agogas,
1249 2138 1418 2223 Argolidis
1443 2140 1524 2220 dico,

351 2246 579 2330 cogitaremus,
612 2266 650 2309 eo
682 2247 784 2330 magis
815 2245 903 2328 quod
927 2243 1104 2310 Acusilaus
1131 2245 1331 2328 Argivorum
1365 2247 1462 2311 rebus
1492 2250 1525 2312 in

350 2353 463 2436 primis
487 2351 606 2416 faverit
634 2350 690 2435 (cf.
723 2373 792 2434 cap.
825 2350 883 2414 [H
906 2374 937 2435 p.
963 2355 1005 2415 80
1030 2373 1055 2420 s.
1086 2351 1139 2418 IV
1163 2356 1202 2416 91
1230 2352 1341 2437 s.).¹⁴¹)
1388 2353 1526 2418 Lexico-

351 2459 466 2543 graphi
490 2459 676 2524 testimonio
700 2459 788 2542 capti
811 2457 905 2522 multi
929 2459 1075 2522 homines
1100 2458 1188 2523 docti
1211 2457 1321 2542 Argos
1345 2459 1388 2523 ad
1411 2458 1524 2542 Aulin,

351 2566 489 2631 Boeotiae
513 2566 637 2648 urbem,
663 2567 760 2631 situm
783 2563 1086 2650 intellexerunt.¹⁴²)

439 2673 586 2737 Primum
610 2673 771 2756 quomodo
797 2671 907 2738 Suidae
939 2672 1030 2738 locus
1062 2673 1105 2736 sit
1127 2672 1375 2756 intellegendus,
1408 2675 1525 2739 deinde

351 2802 501 2864 quaenam
524 2779 605 2844 fides
630 2782 659 2844 ei
683 2779 791 2844 danda
814 2781 857 2844 sit
880 2780 1092 2863 inquiramus.

439 2887 537 2952 Illam
561 2888 774 2970 quaestionem
798 2888 932 2952 verbose
956 2888 1110 2952 tractarit
1126 2886 1238 2970 Unger
1262 2887 1298 2972 (l.
1316 2887 1358 2969 c.)
1383 2894 1416 2952 et
1430 2888 1526 2953 Boeo·

350 2995 429 3058 tiam
460 3015 590 3077 quoque
620 2993 729 3076 Argos
762 2994 917 3077 oppidum
940 2993 1093 3060 habuisse
1118 2993 1286 3058 contendit
1309 2993 1412 3079 (quod
1436 3003 1525 3060 certe

350 3123 410 3185 per
441 3123 476 3165 se
510 3101 581 3165 iure
621 3102 758 3184 cogitari
796 3107 915 3184 potest,
956 3102 1076 3184 quippe
1117 3101 1208 3165 cuius
1246 3101 1387 3166 nominis
1427 3102 1525 3166 urbes

351 3231 400 3273 ex.
425 3231 472 3290 gr.
505 3207 594 3291 apud
617 3205 820 3291 Stephanum
844 3205 883 3272 Β.
909 3207 1058 3272 undecim
1092 3213 1347 3286 enumerentur).
1395 3206 1460 3272 Sed
1484 3230 1524 3272 ne

350 3338 451 3380 unum
474 3315 603 3398 quidem
628 3320 856 3397 argumentum
878 3315 1015 3398 protulit
1039 3336 1103 3397 quo
1126 3314 1223 3398 plane
1248 3315 1427 3397 strictoque
1451 3335 1525 3378 con-

346 3425 509 3506 jecturam
533 3443 624 3486 suam
649 3421 866 3490 confirmaret.
914 3420 969 3485 Illi
993 3422 1078 3485 enim
1110 3421 1184 3500 loci,
1216 3422 1250 3486 iu
1282 3422 1401 3504 quibus
1432 3423 1525 3504 quasi

349 3531 383 3594 in
406 3529 617 3594 fundamento
643 3528 814 3593 aedificavit
837 3529 885 3592 vir
908 3529 1024 3594 doctus
1041 3529 1162 3611 quique
1178 3549 1293 3593 revera
1310 3527 1418 3593 Suidae
1436 3529 1526 3592 testi·

349 3638 458 3702 monio
486 3636 584 3700 fidem
612 3634 733 3700 addere
763 3634 873 3700 idonei
904 3635 1052 3715 luissent,
1086 3636 1230 3717 corrupti
1262 3641 1295 3698 et
1326 3635 1367 3700 ab
1392 3635 1524 3717 Ungero

438 3858 483 3924 1⁴⁰)
504 3861 582 3913 Dion.
603 3862 661 3911 Hal.
681 3861 747 3930 περὶ
771 3858 855 3912 Θουκ.
880 3875 903 3910 c.
923 3859 940 3910 5
959 3875 985 3923 p.
1004 3857 1070 3922 8183
1098 3857 1523 3923 Strab0X3‚21(nc.u-g.15l;

350 3951 458 4012 loseph.
479 3965 501 4000 c.
521 3951 569 4012 Ap.
590 3950 601 3998 l
620 3948 692 4014 256
710 3950 822 4017 (Euseb.
836 3964 921 4013 praep.
935 3964 977 3998 ev.
991 3950 1013 3998 X
1028 3948 1052 4009 7,
1067 3947 1108 4012 9);
1130 3949 1206 4011 Diog.
1220 3950 1305 3996 laert.
1322 3947 1419 4010 {5413
1440 3947 1524 3996 Clem.

348 4040 424 4090 Alex.
441 4039 539 4089 Strom.
560 4041 571 4088 l
590 4054 617 4101 p.
636 4037 688 4091 129
708 4039 725 4088 S
744 4037 798 4092 350
816 4039 846 4100 P,
867 4038 946 4105 (Suid
975 4053 997 4087 s.
1017 4054 1041 4087 v.
1061 4035 1271 4100 Ἀκουσίλαος).

440 4125 483 4192 ¹⁴1)
505 4129 542 4178 Cf.
561 4129 669 4189 Busolt,
690 4128 733 4180 Gr.
753 4128 851 4179 Gesch.
872 4125 896 4176 Ι2
915 4142 940 4189 ρ.
961 4126 1022 4188 149,
1042 4126 1066 4177 3.

437 4214 485 4282 ¹⁴2)
505 4217 605 4280 Unger,
625 4217 643 4269 1.
663 4218 680 4269 l.
700 4231 725 4280 p.
746 4214 871 4279 301ss.;
892 4216 920 4267 C.
935 4214 965 4266 Ο.
979 4216 1101 4277 Mueller,
1122 4215 1164 4264 Gr.
1185 4215 1267 4277 Littg.
1287 4228 1313 4276 p.
1326 4211 1387 4273 436,
1408 4211 1438 4272 9;
1460 4212 1524 4260 l'Hl}

349 4308 360 4356 Ι
380 4323 406 4371 p.
425 4307 531 4357 xxxvl
551 4320 590 4368 a,
609 4305 709 4367 Christ,
730 4306 772 4357 Gr.
793 4303 889 4369 Littg.3
908 4319 933 4367 p.
953 4303 1020 4366 323;
1041 4305 1168 4354 Woerner
1187 4300 1234 4367 ap.'
1250 4303 1352 4353 Rosch.
1372 4316 1395 4354 s.
1415 4300 1526 4365 Ogygos

349 4411 375 4459 p.
395 4395 457 4454 687,
477 4400 529 4448 etc.
549 4395 691 4448 Gutschm.
711 4397 747 4445 kl.
768 4395 844 4448 Schr.
864 4395 898 4444 lv
917 4391 978 4445 391.
999 4421 1026 4429 —
1047 4394 1148 4443 Contra
1167 4393 1236 4441 dixit
1255 4392 1364 4454 Lipsius
1384 4391 1401 4440 l.
1422 4405 1445 4443 c.
