3486 5116
785 431 1007 491 -46-

397 622 496 708 Frg.
521 624 578 688 34
602 621 673 710 (10)
689 655 716 674 =
731 621 830 691 schol.
849 621 956 704 ,tpoll
975 623 1034 693 Ro.
1053 625 1132 707 Arp.
1152 632 1181 688 Δ
1198 626 1257 690 57:
1281 623 1338 710 (id.
1357 624 1487 689 Phavo·

308 730 399 794 rinus
424 753 448 794 s.
474 753 502 794 v.
528 727 708 816 Λάτμιον)

400 846 462 920 Οὐκ
485 849 535 941 ἄρ’
567 852 630 940 ἐγώ
659 853 761 942 μούνη
790 853 873 937 μετὰ
898 853 1063 940 Λάτμιον]
1090 853 1226 938 Λάτμος
1256 847 1329 942 δρας
1351 858 1486 941 Καρίας,

308 958 391 1025 ἔνθα
415 959 502 1027 ἔστιν
525 955 648 1047 ἄντρον,
673 959 706 1027 ἰν
729 951 754 1047 ᾧ
780 961 936 1048 διέτριβεν
956 953 1137 1045 Ἐνδυμίων,
1163 960 1233 1028 ἔστι
1256 961 1366 1027 δὲκαὶ
1390 961 1489 1039 πόλις

307 1062 327 1151 ἡ
349 1068 505 1150 λεχθεῖσα
526 1062 705 1156 Ἡράκλεια.
730 1067 785 1134 τὸν
808 1069 842 1134 δὲ
864 1061 1059 1152 Ἐνδυμίωνα
1081 1065 1225 1147 Ἡσίοδος
1249 1070 1322 1153 (frg.
1350 1071 1404 1152 11)
1427 1068 1488 1152 μὲν

306 1167 466 1240 Ἀεθλίου
488 1184 546 1241 τοῦ
570 1175 650 1254 Διὸς
672 1176 727 1240 καί
745 1174 900 1263 Καλύκης,
924 1174 1013 1263 παρὰ
1039 1176 1122 1254 Διὸς
1145 1176 1301 1265 εἰληφότα
1324 1174 1362 1242 τὸ
1385 1175 1488 1261 δώρου

280 1284 361 1361 5,,ἳν
384 1274 471 1369 edroi
495 1288 613 1366 ταμίαν
636 1279 719 1349 εἰναι
741 1282 907 1348 θανάτου“
942 1278 996 1349 ὅτε
1018 1286 1114 1350 θέλοι
1145 1276 1296 1350 δλὲσθαι·
1328 1283 1383 1347 καί
1407 1286 1486 1348 Πεί·

307 1389 440 1476 σανδρας
471 1389 504 1455 δὲ
527 1389 567 1454 τὰ
592 1383 673 1456 αὐτὰ
707 1391 788 1479 ῳησὶ
818 1390 967 1478 (δὲ-φησί
999 1415 1061 1457 om.
1086 1392 1131 1477 L)
1161 1391 1217 1455 καὶ
1244 1384 1488 1467 Ἀκουσίλαος

307 1497 362 1560 καὶ
379 1496 552 1585 Φερεκύδης
574 1499 629 1562 καὶ
645 1497 822 1582 Νίκανδρος
844 1495 877 1563 ἐν
900 1497 1038 1584 δευτέρῳ
1055 1497 1245 1564 Αἰτωλικῶν
1261 1498 1316 1562 καὶ
1336 1492 1486 1579 Θεόπομ-

308 1628 371 1681 πος
395 1596 411 1668 δ
434 1602 601 1682 ἐποποιός.
626 1603 659 1670 ἰν
682 1605 716 1670 δὲ
738 1617 810 1682 ταῖς
825 1605 991 1690 Μεγάλαις
1013 1598 1136 1683 Ἠοίαις
1157 1605 1285 1692 λέγεται
1307 1603 1363 1669 τὸν
1378 1595 1486 1668 Ἔνδο-

306 1715 413 1794 μίωνα
435 1702 644 1798 οἰνενεχθῆναι
658 1705 725 1778 ὑπὸ
739 1720 797 1778 τοῦ
813 1711 896 1791 Διὸς
911 1712 958 1790 εἰς
975 1705 1115 1801 οὐρανόν·
1141 1711 1322 1798 ἐρασθέντα
1344 1711 1377 1776 δὲ
1385 1705 1488 1796 Ἥρας

268 1835 294 1876 10
308 1815 429 1904 εἰδώλῳ
460 1819 744 1909 παραλογισθῆναι
781 1818 846 1904 [τὸν
881 1818 994 1906 ἔρωτα]
1031 1819 1166 1908 νεφέλης
1199 1820 1254 1884 καὶ
1289 1816 1486 1906 ἐκβληθέντα

306 1925 479 1991 κατελθεῖν
501 1925 549 2003 εἰς
564 1921 692 1993 (Ἀιδου.
1402 1925 1438 1990 L.

396 2050 422 2103 5.
440 2055 471 2103 ἲν
483 2055 567 2120 αὐτῷ]
588 2069 623 2104 ex
642 2055 767 2117 Apollon.
781 2055 861 2118 Dysc.
880 2056 915 2104 de
929 2070 1006 2118 pron.
1028 2053 1079 2109 106
1092 2056 1113 2103 A
1127 2054 1209 2104 Schn.
1229 2053 1348 2103 restituit
1363 2052 1487 2102 Schaefer

440 2158 475 2192 ex
495 2145 527 2194 ἐν
545 2145 628 2210 αὐτῷ,
648 2145 723 2206 quod
743 2145 868 2206 praebent
887 2145 906 2192 L
925 2159 951 2206 p.
971 2145 1009 2194 Cl.
1030 2147 1084 2194 Lex
1104 2144 1213 2208 Gortyn.
1234 2144 1257 2192 ll
1278 2141 1314 2194 40
1332 2142 1389 2192 Ην
1408 2142 1486 2208 αὐτῷ

442 2237 469 2282 et
487 2233 605 2297 llesych.
631 2235 661 2282 ἲν
680 2233 763 2299 αὐτῷ·
788 2232 872 2297 αὑτὸς
891 2232 975 2299 αὐτῷ.
1002 2235 1102 2294 llzacli,
1130 2233 1217 2282 Wien.
1239 2232 1315 2281 Stud.
1336 2233 1401 2294 Vp.
1421 2229 1482 2282 201.

396 2320 421 2372 8.
441 2319 513 2390 Μεγ.
534 2321 588 2386 Ἠ.)
609 2323 673 2372 lles.
695 2324 744 2386 lrg.
765 2322 824 2375 148.

379 2409 420 2462 10.
440 2408 552 2476 εἰδώλῳ
572 2409 830 2479 παραλογισθῆναι
850 2411 898 2462 τδν
911 2412 1001 2479 ἔρωτα
1014 2409 1139 2480 νεφέλης
1153 2414 1170 2460 L
1185 2415 1192 2458 t
1206 2408 1350 2478 παραλογ.
1370 2407 1485 2475 εἰδώλῳ

440 2499 565 2568 νεφέλης
585 2499 631 2551 διὰ
651 2501 699 2552 τὸν
718 2501 807 2570 ἔρωτα
827 2517 844 2564 p
864 2500 912 2551 τὸν
931 2502 1021 2569 ἔρωτα
1040 2502 1121 2550 uncis
1141 2502 1257 2551 seclusit
1276 2502 1345 2552 Keil.

396 2605 512 2692 Longo
536 2608 570 2670 in
595 2607 727 2689 scholio,
759 2607 847 2690 quod
876 2631 915 2672 ex
940 2608 1074 2672 Theone
1105 2629 1255 2672 manasse
1287 2605 1485 2689 videtur‚¹⁰⁰)

307 2711 419 2776 fabula
453 2713 537 2778 Elea
572 2736 644 2778 cum
676 2712 794 2779 Carica
830 2715 966 2779 confusa
1002 2713 1121 2801 esa101)
1168 2712 1320 2779 Caricam
1355 2719 1485 2797 spectat

307 2819 464 2902 spelunca
486 2821 579 2884 initio
597 2829 858 2903 commemorata,
883 2822 998 2886 itidem
1013 2822 1118 2886 Lunae
1142 2843 1234 2886 amor
1250 2828 1365 2904 postea
1390 2842 1484 2885 eirar-

307 2933 408 2991 ratus.
436 2927 617 3010 Intcrjecta
641 2937 690 2992 est
713 2929 928 3012 Endymionis
953 2929 1144 3012 genealogia
1166 2929 1260 2994 Elea.
1294 2927 1391 3012 Quod
1407 2928 1484 2992 huic

307 3034 435 3097 demum
452 3033 591 3098 Hesiodi
616 3056 733 3098 nomen
758 3037 942 3118 appositum
968 3043 1026 3118 est,
1050 3027 1181 3120 poetam
1206 3035 1351 3101 fabulam
1366 3035 1482 3099 Eleam

306 3141 484 3223 praebuisse
501 3149 638 3224 apparet
662 3149 695 3206 et
712 3142 848 3207 Ascrae
874 3143 978 3207 solum
997 3141 1196 3228 stemma102)
1220 3164 1294 3206 cum
1312 3143 1483 3206 enuntiato

307 3249 337 3310 ei
371 3247 526 3330 adjuncto
557 3250 693 3314 attribui
728 3271 833 3332 posse.
883 3248 1064 3314 Confirmat
1095 3250 1251 3314 iudicium
1285 3249 1484 3332 Apollonius

306 3353 481 3438 Dyscolus‚
510 3376 581 3418 cum
606 3355 745 3421 Hesiodi
770 3379 896 3421 versum
921 3357 1016 3421 nobis
1040 3355 1285 3440 servaverit.¹⁰³)
1333 3355 1484 3440 Suspicio

306 3461 385 3525 mihi
409 3483 443 3526 se
468 3461 574 3542 offert,
605 3485 680 3526 num
713 3463 853 3530 fortasse
884 3464 974 3529 locus
1007 3465 1062 3528 ille
1086 3463 1329 3548 Apollodoreus
1360 3463 1481 3548 (156),

306 3568 484 3651 pleniorem
511 3568 649 3634 Hesiodi
680 3573 866 3654 opinionem
891 3573 985 3636 nobis
1019 3571 1252 3656 exhibeat3104)
1282 3571 1364 3634 illud
1397 3571 1484 3635 enim

396 3747 439 3811 1⁰⁰)
461 3749 498 3798 C.
519 3750 606 3798 schol.
626 3751 739 3799 Theocr.
760 3749 862 3812 11149;
883 3753 945 3801 adn.
967 3750 991 3802 7.

396 3835 439 3901 1⁰¹)
460 3839 497 3888 Cl.
518 3854 542 3888 v.
564 3839 645 3901 Spbel
665 3854 708 3902 ap,
729 3840 828 3889 Rosch.
850 3855 872 3889 s.
894 3857 918 3889 v,
939 3842 1100 3904 Endymion.

397 3927 405 3961 1
432 3930 442 3990 )
463 3928 501 3977 Cl'.
522 3928 645 3990 Apollod.
667 3927 740 3992 1563
762 3930 829 3994 Hyg.
851 3945 876 3992 p.
896 3929 957 3990 146,
978 3929 995 3982 2
1015 3945 1036 3984 s,
1059 3931 1164 3992 Schmq
1184 3930 1268 3979 Pane.
1287 3929 1308 3978 V
1327 3928 1352 3990 1,
1373 3929 1398 3979 2.

396 4014 440 4078 1111)
460 4018 499 4066 De
518 4031 595 4080 pron.
616 4016 668 4068 106
681 4019 702 4065 A
716 4017 811 4068 Schn.:
833 4024 865 4088 τῇ
886 4018 962 4082 „alost
983 4019 1136 4088 ούζυγοςὴ
1152 4019 1212 4084 „tot
1234 4023 1283 4069 τοῦ
1295 4007 1321 4070 ἶ
1335 4015 1482 4088 ἀρθέντος.

306 4103 444 4170 Ἣσίοδος
467 4105 531 4171 „vv
550 4103 650 4173 δἀὑτῳ
670 4104 799 4159 θανάτου
819 4107 947 4175 ταμίηςίί.

398 4193 440 4258 1111)
461 4197 622 4260 Magnarum
642 4197 772 4247 Eoearum
798 4198 966 4248 sententiam
994 4200 1093 4248 eodem
1112 4198 1139 4246 in
1160 4200 1268 4248 scholio
1294 4199 1407 4248 allatam
1426 4213 1482 4248 non

306 4285 370 4334 licet
396 4286 424 4333 in
448 4287 615 4336 contrariam
640 4291 746 4350 partem
773 4287 904 4349 prolerre,
932 4287 1036 4350 quippe
1062 4288 1137 4350 quod
1163 4302 1276 4337 carmen
1296 4301 1313 4336 a
1331 4287 1483 4350 compluri-

306 4376 359 4424 ons
379 4375 468 4437 poetis
488 4377 675 4438 compositum
695 4390 759 4426 esse
779 4378 912 4428 videatur.
