3486 5116
731 466 952 527 „51-

253 657 350 722 nibus
373 657 424 721 vel
448 665 536 722 certe
560 657 725 740 plerisque
750 679 946 734 communes,
972 659 1189 742 sejnngemns,
1214 660 1336 742 quippe
1359 660 1429 742 qui-

254 761 315 828 bus
338 762 488 829 Acusilai
511 763 679 846 proprium
695 764 916 828 testimonium
934 770 1097 828 servatum
1121 786 1192 830 esse
1216 766 1285 829 veri
1307 767 1433 830 nonsit

255 870 374 953 simile;
405 870 503 934 immo
529 891 702 950 sumemus,
726 869 800 935 illas
825 891 845 934 a
867 871 1008 952 posteris
1033 869 1183 936 Acusilai
1207 871 1335 937 cuidam
1360 893 1430 937 sen-

254 978 366 1043 tentiae
390 976 521 1042 additas
538 998 621 1062 esse,
645 983 681 1040 ut
704 976 842 1042 historia
858 976 1012 1043 evaderet
1035 1000 1101 1044 una
1125 986 1223 1062 atque
1240 979 1323 1044 bene
1347 999 1433 1044 com-

254 1090 379 1169 parata,
412 1084 464 1148 vel
488 1084 692 1149 enuntiatum
717 1105 757 1148 ex
781 1083 940 1150 Acusilao
971 1085 1124 1151 haustum
1155 1087 1336 1152 narrationi
1360 1107 1431 1152 esse

253 1194 422 1257 insertum.

343 1315 484 1382 Auctori
508 1325 622 1380 nostro
645 1315 746 1402 igitur
770 1316 1001 1381 attribuemus:
1034 1319 1066 1403 1)
1091 1319 1269 1383 sententias
1294 1339 1366 1401 quae
1390 1317 1432 1383 ab

255 1423 462 1507 opinionibus
478 1423 565 1488 tritis
581 1421 845 1508 pervulgatisque
862 1422 1059 1506 discrepant,
1084 1424 1118 1508 2)
1141 1425 1249 1490 omnia
1270 1447 1342 1508 quae
1359 1446 1432 1489 cum

254 1530 406 1596 Acusilai
428 1531 555 1596 ratione
580 1540 678 1613 atque
703 1529 838 1594 consilio
863 1536 1054 1613 congruunt.

342 1654 488 1719 Mediam
511 1654 601 1718 illam
624 1660 761 1737 partem,
787 1651 977 1736 πυθόμενος
999 1694 1043 1701 -
1067 1653 1319 1741 deturparetur,
1346 1656 1432 1721 Acu-

255 1763 335 1828 silao
360 1761 582 1848 abrogandam
607 1782 677 1826 esse
701 1768 848 1847 apparet,
873 1762 993 1846 quippe
1018 1783 1089 1845 quae
1105 1761 1344 1829 historiuncula
1367 1764 1430 1828 iam

254 1871 287 1932 in
304 1869 457 1948 carmine,
474 1867 562 1951 quod
578 1869 770 1951 inscriptum
783 1875 856 1934 erat
868 1859 963 1945 Ἰλιὰς
973 1867 1082 1954 μικρά,
1101 1877 1234 1934 narrata
1248 1869 1431 1956 suisset.¹¹⁰)

253 1977 343 2061 Ergo
378 1981 437 2040 aut
471 1973 648 2040 Acusilaus
682 1974 837 2066 Parvam¹
859 1973 999 2041 lliadem
1036 1975 1261 2060 excerpsit¹¹¹)
1297 1976 1432 2060 haecque

255 2083 370 2148 scholii
392 2103 471 2166 pars
495 2103 535 2147 ex
557 2087 670 2146 nostro
687 2087 822 2146 auctore
837 2084 981 2147 manavit
1005 2090 1062 2148 aut
1086 2083 1189 2168 (quod
1205 2085 1284 2147 mihi
1301 2084 1431 2168 quidem

254 2191 287 2254 in
312 2189 444 2255 scholiis
460 2188 557 2253 huius
573 2188 687 2253 farinae
703 2188 807 2254 multo
824 2189 1027 2273 probabilius
1044 2211 1115 2255 esse
1132 2190 1274 2272 videtur)
1299 2190 1432 2254 aliunde

254 2298 324 2362 haec
348 2295 467 2361 fabulae
491 2317 568 2379 pars
593 2293 738 2381 ἱστορίας
769 2295 947 2362 efficiendae
980 2317 1079 2362 causa
1101 2297 1226 2361 inserta
1250 2302 1299 2362 est
1330 2298 1432 2381 (quod

255 2418 343 2470 certe
367 2425 427 2488 per
457 2425 491 2468 se
516 2424 580 2467 non
611 2409 701 2468 vetat
732 2404 885 2490 cogitare,
918 2405 1016 2469 etiam
1040 2403 1235 2470 Acusilaum
1265 2403 1327 2469 hoc
1358 2427 1432 2470 nar-

254 2511 369 2597 rasse).
417 2509 525 2594 Quam
549 2510 767 2593 suspicionem
798 2519 961 2593 praterea
984 2510 1056 2574 duae
1080 2512 1245 2594 praecipue
1269 2531 1322 2575 res
1347 2532 1432 2575 com-

254 2619 423 2685 mendant:
450 2617 483 2703 1)
507 2615 606 2682 Hanc
622 2617 722 2682 fuisse
738 2617 882 2681 fabulam
900 2624 1043 2683 constat:
1070 2618 1140 2686 Viti
1163 2639 1265 2683 aurea
1289 2619 1366 2682 olim
1389 2618 1431 2684 ab

253 2727 332 2792 Iove
355 2747 415 2808 pro
441 2721 633 2807 Ganymede
658 2722 796 2806 data¹¹⁰l
820 2724 991 2807 Astyoche
1014 2724 1158 2789 adducta
1182 2731 1240 2806 est,
1269 2732 1306 2789 ut
1329 2724 1431 2789 filium

254 2831 388 2898 Troiam
410 2833 564 2912 mitteret,
597 2832 745 2913 quamvis
769 2831 935 2915 Telephus
968 2838 1103 2896 sanatus
1133 2853 1241 2914 neque
1266 2853 1299 2896 se
1323 2833 1430 2916 ipsum

254 2960 360 3023 neque
384 2939 505 3004 liberos
530 2945 645 3022 contra
669 2942 802 3007 Graecos
830 2945 1032 3021 pugnaturos
1063 2959 1133 3003 esse
1156 2937 1430 3022 promisisset.¹¹²l

254 3045 365 3130 Quare
381 3084 423 3092 -
441 3045 559 3110 ethaeo
577 3053 626 3110 est
642 3045 712 3110 vitii
728 3065 825 3128 prena
841 3083 883 3092 —
899 3044 985 3109 filius
1002 3044 1133 3110 Troiam
1144 3077 1147 3081 ⁴
1159 3046 1277 3111 missus
1301 3069 1321 3110 a
1342 3046 1431 3111 Neo·

253 3152 396 3236 ptolemo
420 3152 626 3218 interficitur.
655 3151 705 3217 At
720 3153 785 3216 iam
801 3173 842 3216 ne
858 3158 946 3217 tecto
963 3152 1095 3235 quidem
1111 3153 1210 3218 verbo
1227 3153 1317 3218 fraus
1333 3154 1429 3236 Asty-

254 3258 344 3324 ochae
379 3260 554 3327 indicatur.
603 3258 677 3343 Qua
710 3281 750 3323 ex
785 3280 820 3323 re
854 3260 955 3342 igitur
986 3260 1069 3324 effici
1101 3261 1293 3344 putaverim,
1333 3260 1430 3343 plane

255 3366 428 3450 abruptam
451 3367 536 3432 hanc
562 3366 681 3432 fabulae
705 3372 833 3449 partem
865 3367 906 3432 ad
931 3367 1100 3433 historiam
1125 3366 1358 3431 conficiendam
1383 3368 1432 3430 in·

254 3479 375 3540 sertam
399 3494 479 3540 esse.
527 3473 562 3559 2)
585 3473 648 3539 Ed.
674 3471 840 3539 Schwartz
872 3474 893 3538 l.
918 3475 939 3538 l.
964 3498 994 3559 p.
1020 3478 1083 3540 447
1118 3475 1281 3558 exposuit:
1332 3471 1431 3558 „Qui-

255 3602 393 3664 cumque
426 3581 527 3667 igitur
562 3581 773 3646 inveniuntur
803 3602 981 3647 consensus
1012 3580 1220 3646 bibliothecae
1252 3580 1431 3664 taliumque
1533 3569 1535 3572 ¹

254 3687 462 3769 scholiorum,
495 3709 551 3752 eos
582 3688 753 3752 maximam
785 3694 913 3771 partem
945 3710 1010 3752 non
1042 3687 1084 3753 ad
1115 3694 1258 3752 veterem
1290 3686 1432 3769 aliquem

343 3877 388 3944 ¹¹⁰)
409 3879 507 3928 Kinkel
528 3878 590 3926 EGl'
609 3893 636 3941 p.
650 3877 683 3929 41
698 3893 720 3927 s.
742 3880 792 3941 lug.
812 3877 841 3940 ss;
863 3880 950 3930 Procl.
970 3879 1035 3930 ibid.
1055 3894 1081 3941 p.
1096 3878 1138 3930 3r.
1161 3907 1187 3912 —
1208 3879 1245 3929 Cs.
1266 3879 1301 3926 de
1321 3877 1429 3928 Wilam.

256 3969 332 4017 llum.
353 3969 461 4018 Unters.
482 3981 506 4029 p.
527 3964 579 4018 152
599 3981 621 4016 s,

342 4053 389 4119 111)
409 4055 454 4105 Sic
474 4055 576 4105 Stiehle
596 4057 612 4104 l.
633 4057 650 4106 l.
671 4071 696 4118 p.
710 4054 770 4120 610,
791 4057 838 4118 qui
858 4061 965 4105 ceteras
985 4069 1097 4118 quoque
1117 4057 1235 4115 tabulas
1256 4069 1321 4117 quae
1340 4055 1431 4116 Troja-

255 4160 354 4195 norum
373 4159 418 4194 res
437 4148 563 4204 tractant,
592 4145 639 4194 illo
666 4160 701 4194 ex
727 4145 850 4194 carmine
870 4146 904 4193 ab
923 4146 1053 4194 Acusilao
1077 4145 1193 4194 haustas
1220 4159 1285 4194 esse
1304 4144 1430 4197 coniecit.

343 4231 388 4299 Ψ)
409 4233 499 4284 Schol.
520 4235 576 4284 luv.
604 4233 658 4286 Sat.
679 4233 797 4288 V1655:
827 4271 850 4298 „.
871 4274 876 4286 .
897 4271 903 4282 .
925 4234 1084 4297 (Telephus)
1112 4234 1187 4282 venit
1207 4235 1335 4296 supplex,
1363 4235 1430 4295 petit

255 4324 300 4386 (ab
320 4319 435 4388 Achille)
462 4336 493 4371 se
512 4323 613 4382 curari,
641 4323 781 4386 promisso
801 4324 862 4382 hoe,
890 4328 920 4371 ut
940 4337 1091 4385 numquam
1120 4323 1174 4370 iam
1199 4323 1334 4371 auxilium
1362 4323 1431 4370 l'erat

254 4411 380 4474 Trojanis
401 4425 451 4460 nec
471 4411 530 4474 ipse
551 4426 602 4460 nec
621 4413 656 4461 de
676 4413 736 4461 suis
756 4412 858 4474 aliquis
879 4449 884 4462 .
906 4450 910 4459 .
932 4412 954 4463 .“
