3486 5116
790 427 1012 493 „32-

402 623 426 677 3.
447 625 598 694 τραγικῶν]
619 625 717 674 Aescb.
738 625 829 674 Prom.
848 623 958 688 589·s.;
980 625 1062 688 Soph.
1083 625 1122 676 El.
1141 625 1167 686 5,
1189 627 1237 690 lrg.
1258 625 1311 680 248
1330 641 1369 678 ss

449 715 562 764 Hesiodi
577 715 715 778 catalogis
736 715 924 764 verisimiliter
936 715 1042 764 addixit
1056 716 1203 775 llirchholl,
1225 715 1364 780 odyssea
1382 733 1407 780 p.
1428 716 1488 770 328.

403 803 428 854 l.
448 801 601 872 Πειρῆνος]
616 803 650 852 σ1.
665 803 759 863 Betbe,
773 803 857 854 Theb.
879 804 965 855 Heldl.
980 818 1005 865 p.
1020 801 1085 866 1833
1106 803 1207 865 Maesa
1228 805 1267 854 De
1281 806 1379 855 Aesch.
1395 806 1490 869 Suppl.

314 907 415 943 comm.
437 894 494 942 lnd.
515 892 614 956 Gryph.
635 890 705 943 1890
724 907 749 954 p.
770 891 812 942 32.

404 1015 622 1098 Subsequitur

403 1194 503 1279 Frg.
526 1194 579 1258 la
605 1193 675 1280 (17)
697 1225 723 1244 =
752 1193 896 1275 Apollod.
921 1195 958 1259 ll
982 1195 1022 1261 6.-

404 1334 474 1421 (Ab
498 1336 626 1400 Iunone
651 1337 826 1418 improviso
852 1335 1076 1418 deprehensus
1100 1335 1230 1420 Iupiter
1253 1337 1369 1402 Ionem
1394 1360 1491 1421 quam

315 1443 466 1507 dilectam
483 1449 722 1526 compresserat
737 1443 772 1506 in
788 1464 893 1506 vaccae
910 1441 1047 1526 figuram
1065 1444 1226 1508 convert't
1243 1449 1342 1527 atque
1367 1466 1401 1508 se
1419 1466 1490 1508 cum

316 1572 355 1614 ea
386 1550 613 1615 commercium
649 1570 714 1613 non
750 1550 903 1614 habuisse
934 1549 1144 1615 iureiurando
1181 1550 1329 1615 affirmat.
1378 1550 1489 1635 Quare

316 1659 461 1740 periuria
484 1679 556 1740 quae
575 1657 705 1740 quidem
730 1657 771 1722 ad
796 1678 937 1722 amorem
956 1658 1144 1740 pertineant
1160 1656 1296 1722 deorum
1319 1659 1400 1722 iram
1425 1680 1490 1722 non

314 1784 492 1846 provocare
517 1761 686 1828 Hesiodus
710 1769 839 1846 narrat3
863 1765 971 1854 pergit
995 1762 1218 1846 Apollodorus
1243 1766 1318 1849 sic):

396 1902 486 1995 Ἥρα
509 1905 545 1973 δέ
568 1902 770 1992 αἰτησαμένη
801 1902 893 1994 παρα
918 1901 1003 1978 Διὸς
1032 1900 1091 1992 την
1121 1905 1202 1990 βοῦν
1232 1903 1363 1995 φύλακα
1390 1902 1492 1994 αὐτῆς

314 2013 508 2100 κατέστησεν
524 2011 650 2101 ’Ἀργον
677 2009 733 2079 τόν
764 2009 945 2099 πανόπτην,
977 2007 1013 2078 ὃν
1039 2009 1225 2100 Φερεκύδης
1250 2013 1323 2097 (frg.
1349 2015 1406 2098 22)
1430 2013 1490 2095 μέν

315 2118 510 2208 Ἀρέστορος
534 2119 632 2204 λέγει,
665 2117 913 2205 Ἀσκληπιάδης
937 2121 1007 2203 (frg,
1037 2125 1089 2203 17)
1122 2120 1158 2188 δέ
1181 2117 1312 2200 Ἰνάχου,
1344 2121 1492 2209 Κέρκωψ

316 2228 411 2314 (Hes.
437 2228 496 2312 frg.
525 2225 611 2318 188)
626 2225 799 2316 δέ’Ἀργου
815 2230 869 2295 καὶ
885 2224 1031 2316 Ἰσμήνης
1054 2228 1113 2314 τῆς
1128 2225 1288 2294 Ἀσωποῦ
1311 2227 1489 2316 θυγατρός·

289 2333 576 2424 εἈκουσίλαος
600 2334 636 2402 δέ
659 2334 778 2423 γηγενῆ
800 2332 898 2401 αὐτόν
921 2334 1019 2420 λέγει.

405 2479 421 2530 2
442 2495 463 2529 a.
491 2481 529 2528 ne
549 2481 716 2542 Pherecydis
732 2480 961 2542 Asclepiadisnno
975 2481 1122 2529 sententiis
1143 2481 1213 2529 inter
1232 2494 1264 2530 se
1283 2481 1445 2529 mutuandis
1459 2482 1488 2529 ci
1531 2531 1533 2533 ,

318 2570 427 2625 Luetke.
449 2570 572 2629 Pheres„
593 2585 619 2631 p.
640 2568 664 2619 7.

405 2691 487 2776 Qua
511 2692 695 2776 fragmenta
718 2714 784 2756 una
807 2699 995 2758 tractemus.
1027 2691 1194 2758 Hesiodus
1203 2693 1242 2775 65)
1268 2699 1300 2756 et
1316 2693 1493 2758 Acusilaus

317 2799 377 2864 soli
408 2799 470 2863 hoc
500 2799 559 2863 lus
592 2805 729 2863 stemma
761 2798 931 2882 exhibent3
963 2799 1058 2882 vulgo
1092 2809 1123 2864 et
1154 2800 1286 2882 quidem
1309 2801 1493 2864 recentiore

316 2912 462 2989 tempore
486 2906 602 2971 Inachi
631 2907 699 2972 filia
722 2907 914 2974 habebatur.
962 2907 1231 2990 Exspectandum
1256 2913 1336 2988 erat,
1370 2909 1490 2973 Acusi-

316 3013 403 3077 laum
428 3035 498 3078 eam
522 3014 747 3098 genealogiam
763 3013 911 3097 accipere
928 3036 1000 3097 quae
1024 3014 1194 3096 Inachum,
1220 3015 1275 3096 qui
1300 3015 1341 3078 ab
1358 3021 1492 3079 auctore

315 3121 412 3204 plane
437 3121 585 3205 abjectus
610 3143 680 3186 esse
706 3121 871 3186 videretur
895 3120 938 3202 (v.
964 3143 1063 3204 supra
1087 3121 1129 3186 ad
1153 3121 1213 3204 frg.
1239 3124 1277 3186 16
1297 3127 1330 3185 et
1347 3123 1403 3208 17)
1427 3143 1492 3185 uon

315 3228 486 3312 praeberet.
512 3228 545 3292 N
547 3250 589 3293 on
606 3236 656 3294 est
674 3251 732 3294 cur
747 3251 912 3312 negemus,
929 3235 1078 3294 nostrum
1090 3229 1152 3293 hac
1164 3229 1197 3292 in
1211 3249 1246 3292 re
1261 3227 1377 3314 (solius
1390 3229 1493 3312 patris

316 3336 454 3400 nominis
478 3336 571 3400 testis
594 3335 749 3400 laudatur
773 3336 960 3418 Acusilaus)
986 3358 1058 3400 cum
1082 3342 1180 3419 poeta
1205 3336 1418 3400 consensisse.

405 3444 445 3506 ln
471 3442 574 3507 altero
607 3465 736 3526 quoque
767 3442 948 3526 fragmento
973 3440 1197 3526 Apollodorus
1221 3440 1380 3507 Acusilao
1408 3447 1494 3506 teste

317 3551 419 3614 utitur
450 3549 492 3614 ad
524 3550 748 3634 genealogiam
783 3549 1049 3615 confirmandam.
1098 3549 1149 3614 De
1186 3550 1381 3632 quaestione,
1417 3570 1493 3612 num

316 3656 493 3722 Acusilaus
518 3680 587 3722 cum
606 3657 754 3723 Hesiodo
776 3658 927 3722 concinat
943 3679 1056 3739 necne,
1081 3679 1132 3722 me
1156 3657 1237 3721 nihil
1262 3658 1343 3722 certi
1368 3657 1493 3721 eruisse

317 3765 420 3829 doleo.
455 3762 617 3848 Quoniam
641 3771 750 3828 autem
768 3764 944 3829 Acusilaus
970 3764 1058 3829 solus
1081 3765 1177 3829 huius
1202 3765 1382 3831 stemmatis
1399 3763 1494 3828 testis

316 3871 379 3936 hoc
403 3871 474 3936 loco
500 3870 662 3953 landatur,
690 3873 756 3936 veri
773 3894 837 3936 non
855 3879 905 3936 est
920 3871 1086 3953 dissimile,
1110 3878 1257 3936 nostrum
1275 3871 1397 3955 proprii
1415 3870 1494 3953 quid

318 3979 508 4062 praebuisse.
560 3977 625 4044 Sed
657 4001 714 4042 cur
745 3977 923 4043 Acusilaus
953 3979 1119 4063 propriam
1153 3979 1238 4044 hanc
1270 3977 1493 4062 genealogiam

404 4191 437 4256 ⁰5)
458 4194 495 4243 cf.
516 4195 615 4242 Herod.
644 4193 710 4262 περὶ
739 4210 804 4262 μον.
829 4190 890 4259 λέξ.
920 4195 930 4242 l
960 4193 992 4244 17
1024 4194 1058 4256 (ΙΙ
1084 4192 1146 4254 923,
1172 4193 1186 4245 7
1212 4194 1255 4255 Li:
1284 4190 1398 4261 Πειρὴν
1425 4189 1493 4242 καθ’

317 4281 455 4334 Ἡσίοδον
474 4283 566 4351 πατὴρ
586 4281 667 4332 Ἰοῦς.
694 4311 721 4319 -
745 4284 842 4332 Peiren
870 4284 950 4345 primi
978 4284 1092 4332 lunonis
1120 4283 1265 4346 simulacri
1289 4287 1385 4332 auctor
1405 4283 1492 4330 luisse

318 4374 425 4424 dicitur.
