3486 5116
736 425 954 485 ,67-

255 615 391 698 quitatis
414 614 617 697 abhorreret,
645 616 749 698 patris
773 638 890 680 nornen
915 615 1079 700 Apollinis
1104 639 1283 705 cognomen
1307 620 1430 685 haben·

255 722 333 786 dum
365 728 397 786 et
427 721 620 786 Acusilaum
652 745 692 786 ex
709 722 847 788 *familia
878 731 985 788 ortum
1017 746 1098 806 esse,
1130 726 1183 790 cui
1213 725 1431 792 sacerdotium

257 829 346 893 velut
368 828 550 893 hereditate
575 829 769 894 obvenisset.

738 1046 950 1054 ——-—

720 1200 875 1267 CAPUT
898 1201 966 1267 III.

537 1361 774 1443 Hesiodus
804 1367 851 1442 et
883 1364 1143 1444 Acusilaus

344 1542 537 1608 Acusilaum
554 1564 626 1606 cum
642 1539 855 1626 Hesiodo¹⁴⁰)
876 1541 1115 1624 quodammodo
1133 1543 1340 1627 conjunctum
1358 1565 1430 1610 esse

254 1657 288 1714 et
312 1671 352 1714 ex
375 1648 567 1734 fragmentis
587 1647 727 1712 dilucide
745 1654 883 1730 apparet
906 1655 939 1713 et
963 1649 1125 1732 expressis
1141 1650 1250 1716 verbis
1273 1651 1429 1717 traditum

255 1766 315 1826 est.
363 1756 440 1820 Huc
463 1757 643 1840 pertinent:

346 1864 449 1929 Glem.
474 1862 571 1930 Alex.
597 1861 716 1928 Strom.
742 1861 793 1927 VI
817 1884 848 1945 p.
874 1866 937 1927 752
955 1862 998 1927 P:
1022 1861 1066 1927 τὰ
1090 1863 1128 1929 δὲ
1150 1855 1321 1930 Ἡσιόδου
1342 1889 1430 1947 μετ-

255 1971 418 2060 ήλλαξαν
444 1969 501 2049 εἷς
517 1967 631 2049 πεζὸν
654 1967 762 2055 λόγον
786 1969 849 2033 καὶ
872 1961 920 2046 (ὃς
942 1967 1023 2035 'idea
1039 1968 1237 2058 ἕξήνεγκον
1256 1965 1432 2059 Εὔμηλός

254 2104 295 2146 τε
317 2080 380 2144 καὶ
403 2070 658 2153 Ἀκουσίλαος
681 2074 716 2141 οἱ
741 2074 1111 2166 ἱστοριογράφοι.“7)
1149 2079 1281 2162 Ioseph.
1308 2102 1334 2144 c.
1361 2080 1427 2163 Ap.

255 2189 272 2251 Ι
298 2191 331 2252 3:
363 2187 475 2251 πλεῖον
505 2193 582 2270 γοῦν
604 2183 657 2248 διὰ
681 2191 747 2248 τῶν
769 2184 901 2267 βιβλίων
930 2177 1083 2271 δλλὴλους
1107 2182 1278 2270 ἐλέγχουσι,
1309 2186 1426 2251 καὶτὰ

253 2293 471 2360 ἐναντιώτατοι
501 2292 577 2376 περὶ
607 2298 672 2354 υιῦν
695 2281 801 2355 edredo
823 2291 927 2375 λέγειν
951 2283 1007 2356 οὗκ
1034 2285 1163 2356 δκνοῦσι
1187 2293 1268 2371 (scil.
1295 2291 1428 2376 Graeci).

255 2406 426 2488 Περίεργος
441 2391 509 2463 δ’δν
525 2396 592 2484 εἴην
608 2395 671 2481 ἐγώ
686 2396 761 2474 τοὺς
785 2395 862 2480 ἐμοῦ
877 2398 997 2479 μᾶλλον
1013 2395 1246 2481 ἐπισταμένους
1261 2397 1428 2480 διδάσκων,

253 2503 315 2573 ὅσα
337 2509 396 2592 μὲν
410 2500 593 2582 Ἑλλάνικος
608 2496 813 2591 Ἀκουσιλάῳ
837 2505 913 2590 περὶ
936 2513 1000 2570 τῶν
1023 2506 1234 2592 γενεαλογιιῦν
1257 2506 1429 2594 διαπεφώ-

253 2639 352 2703 sepner,
377 2609 447 2680 ὅσα
463 2613 501 2678 δὲ
517 2612 751 2698 διορθοῦται
768 2611 832 2677 τὸν
846 2605 1017 2678 Ἡσίοδον
1032 2604 1298 2692 Ἀκουσίλαος,
1322 2609 1429 2702 ipsine

252 2722 373 2809 τρόπον
389 2715 532 2808 Ἔφορος
553 2720 618 2784 κτλ.

344 2831 427 2896 Cum
443 2829 589 2912 quaestio,
615 2849 686 2910 quae
703 2830 787 2890 ratio
811 2827 897 2890 inter
912 2827 1095 2892 Hesiodum
1119 2835 1218 2911 atque
1234 2826 1426 2894 Acusiluum

252 2936 485 3012 intercesserit,
511 2934 675 2999 cohaereat
698 2954 772 2997 curn
788 2933 894 2998 altera
916 2933 982 3013 illa,
1007 2934 1086 3017 quid
1098 2935 1282 3016 argumenti
1301 2937 1428 3002 auctori

252 3051 364 3110 nostro
394 3043 437 3107 sit
460 3039 714 3121 attribuendum,
745 3040 937 3123 plerumque
961 3042 1066 3129 primo
1096 3042 1162 3105 iarn
1192 3043 1298 3126 eapite
1322 3042 1363 3107 de
1388 3065 1427 3107 ea

252 3152 414 3216 disserere
432 3155 564 3212 coactus
581 3168 680 3212 eram.
714 3144 825 3230 Quare
841 3169 928 3211 nunc
953 3147 992 3211 de
1017 3148 1181 3212 nonnullis
1198 3156 1326 3213 tantum
1341 3148 1428 3233 irog-

251 3258 370 3322 mentis
393 3257 489 3339 plura
512 3254 630 3319 faciam
654 3254 763 3340 verba,
788 3260 898 3318 cetera
921 3255 1120 3338 disposuisse
1144 3277 1183 3319 ae
1207 3256 1426 3338 composuisse

341 3469 698 3537 1⁴⁸>ncrrsilaumltesiodi
725 3483 826 3518 nomen
852 3470 983 3520 citavisse
1010 3485 1065 3520 non
1090 3475 1133 3520 est
1158 3471 1306 3535 vestigium
1336 3486 1426 3534 neque

250 3565 286 3612 (le
305 3577 362 3612 una
381 3575 502 3624 persona
515 3560 595 3609 nobis
615 3559 736 3622 cogitare
749 3559 826 3620 licet;
847 3559 932 3608 immo
948 3559 1119 3624 „Hesiodus“
1134 3559 1282 3621 appellatio
1296 3561 1424 3622 quaedam

250 3653 396 3702 collectiva
415 3651 465 3699 luit
484 3654 645 3711 poematum
665 3648 774 3710 proprie
794 3648 952 3697 Graecorum
972 3648 1120 3697 cuiusdam
1139 3649 1249 3711 generis
1268 3649 1370 3712 puriter
1389 3655 1426 3698 at-

250 3756 305 3804 que
327 3735 497 3804 „llomerus“
525 3737 681 3787 carminum
707 3737 849 3799 epicorum
873 3737 1065 3786 Asiaticorum.
1104 3738 1183 3801 (Cum
1210 3735 1292 3801 igitur
1317 3743 1425 3788 veteres

252 3830 413 3879 lleusilaum
439 3827 579 3877 cumillis
606 3825 787 3884 carminibus
814 3839 878 3888 quae
905 3827 957 3875 sub
976 3826 1091 3876 Hesiodi
1118 3827 1230 3876 nomine
1257 3827 1424 3888 serebantur,

250 3919 443 3967 concinentem
470 3912 718 3978 deprehenderent,
749 3928 813 3963 eum
840 3918 950 3976 poetam
979 3914 1072 3964 soluta
1097 3916 1221 3964 oratioue
1249 3915 1425 3977 expressisse

250 4007 398 4067 dicebant.)
437 4006 494 4054 Hae
520 4004 683 4053 condicione
703 4003 816 4052 Hesiodi
843 4017 944 4052 nomen
971 4004 1112 4052 nostruin
1132 4004 1287 4066 quaestione
1314 4017 1426 4066 semper

251 4095 468 4158 intellegendum
488 4099 539 4145 est.

340 4181 385 4248 147)
405 4186 495 4233 Locus
522 4198 557 4232 ex
583 4181 732 4230 Aristobuli
761 4181 844 4229 ludrei
871 4180 938 4250 περὶ
964 4178 1084 4232 κλοπῶν
1109 4183 1188 4242 noro,
1215 4183 1324 4231 Wilarn.
1345 4182 1423 4230 llonr.

252 4275 361 4322 Uuters,
382 4287 409 4335 p.
428 4271 488 4322 347.
527 4271 580 4320 Sed
600 4271 635 4322 el.
654 4269 764 4317 Antonii
784 4269 857 4318 Elter
876 4269 1079 4332 disputationes
1099 4272 1127 4319 in
1147 4271 1219 4320 serie
1239 4284 1424 4333 programma·

250 4367 310 4412 turn
330 4362 520 4412 Bonnensium
539 4375 603 4412 ann.
623 4357 700 4410 1894.
721 4356 798 4410 1895.
819 4355 897 4409 1896.
