3486 5116
795 449 1015 510 -42.,

318 639 448 729 Χιόνην,
472 640 560 720 υίοός
583 641 615 706 δὲ
639 639 741 730 Ζήτην
764 642 818 705 καὶ
841 639 965 706 Κάλαϊν
988 639 1181 727 πτερωτούς,
1208 643 1240 705 οἳ
1262 641 1414 718 πλέοντες
1437 639 1495 706 σόν

318 739 434 814 Ἰδσονι
462 750 517 814 καὶ
549 749 625 832 (δαί.
650 749 815 831 Hercher)
845 747 905 825 τὰς
926 740 1089 834 ίΑρπαίας
1119 747 1288 825 διώκοντες
1317 744 1494 826 ἀπέθανον,

290 848 364 932 cuis·
395 854 428 920 δὲ
458 848 714 934 Ἀκουσίλαος
743 856 838 942 λέγει,
869 856 945 940 περὶ
980 863 1076 942 Τῆνον
1098 848 1156 943 ὑφ’
1187 847 1372 941 Ἡρακλέους
1398 846 1494 920 α’πιό-

317 975 419 1028 λαντο.

409 1126 432 1177 1.
452 1125 624 1192 παίζουσαν]
646 1127 786 1178 Stavcren.
807 1129 851 1185 (ct.
871 1128 938 1176 Plat.
960 1127 1067 1176 Phaedr.
1087 1141 1112 1188 p.
1133 1123 1185 1178 229
1205 1125 1238 1187 C,
1266 1126 1348 1177 PauS.
1369 1127 1379 1174 l
1399 1122 1442 1185 19,
1463 1122 1493 1185 (i;

453 1217 539 1264 schol.
560 1216 647 1278 Apoll.
668 1217 717 1265 Rh.
740 1217 760 1264 ,1
779 1214 829 1268 211
851 1217 907 1278 fin.)
928 1220 1064 1284 περῶσαν
1081 1217 1110 1269 Α.

409 1355 566 1440 Quaenam
584 1358 670 1422 inter
686 1357 869 1422 Hesiodum
886 1365 918 1423 et
935 1357 1128 1422 Acusilaum
1144 1359 1367 1424 intercesserit
1385 1378 1495 1422 neces-

318 1465 438 1547 situdo,
472 1466 551 1530 satis
575 1473 664 1530 certo
690 1465 860 1529 diiudicari
884 1467 1007 1549 nequit.
1053 1466 1129 1531 Hoc
1153 1473 1279 1532 tautum
1303 1465 1495 1546 monuerim,

318 1571 405 1655 apud
431 1578 561 1655 poetam
590 1593 719 1654 quoque
747 1571 920 1654 Aquilonis
950 1572 1035 1638 filios
1058 1595 1122 1638 non
1147 1575 1181 1637 in
1204 1573 1362 1656 Harpyiis
1385 1591 1493 1656 perse-

319 1678 457 1762 quendis
481 1686 586 1742 morte
610 1678 747 1744 afflictos
781 1679 888 1762 fuisse,
919 1679 976 1744 sed
998 1679 1182 1744 Hesiodum
1207 1680 1406 1744 Mercurium
1431 1678 1494 1742 Iri-

319 1784 370 1848 dis
401 1785 473 1848 loco
508 1785 784 1870 introduxisse.⁸⁸)
829 1786 947 1850 Phinei
983 1787 1125 1851 fabulam
1155 1786 1196 1851 ab
1224 1785 1383 1850 Acusilao
1419 1806 1494 1849 nar-

319 1899 424 1956 ratam
457 1914 527 1957 esse
558 1894 627 1957 veri
659 1893 762 1958 simile
796 1916 860 1958 non
895 1901 959 1976 est,
992 1895 1179 1976 discrepant
1211 1894 1296 1958 enim
1327 1893 1367 1957 ab
1393 1913 1432 1956 ea
1463 1897 1495 1956 et

319 2021 392 2082 quae
416 1999 475 2082 frg.
500 2003 521 2064 4
545 1999 585 2064 de
610 2000 767 2085 Harpyiis
798 2001 900 2066 tradit
929 2009 961 2066 et
991 2023 1063 2083 quae
1094 2008 1207 2065 nostro
1239 1999 1421 2085 fragmento
1454 1998 1494 2062 de

320 2105 506 2171 Boreadum
538 2108 673 2172 interitu
703 2115 826 2172 narrat.
874 2107 1041 2172 Fortassis
1070 2108 1214 2172 breviter
1248 2113 1375 2172 tantum
1410 2105 1495 2190 frag-

320 2219 429 2277 mento
453 2214 662 2278 antecedenti
693 2214 859 2295 annexuit,
891 2212 1090 2295 Aquilonem
1120 2236 1191 2278 cum
1218 2211 1388 2294 Oreithyia
1411 2211 1495 2275 filios

320 2320 471 2402 genuisse
494 2319 612 2385 Zetam
644 2328 677 2386 et
702 2318 826 2395 Calain,
858 2320 914 2401 qui
945 2320 986 2383 ab
1010 2319 1155 2384 Hercule
1180 2320 1223 2385 ad
1247 2319 1373 2384 Tenum
1398 2317 1495 2381 occisi

320 2427 484 2512 esseut.⁸⁹)

410 2533 615 2618 Quamquam
651 2533 849 2617 Apollonius
884 2534 1035 2599 Rhodius
1066 2532 1099 2596 A
1128 2537 1210 2598 1298
1244 2555 1284 2602 ss.
1319 2539 1352 2597 et
1383 2531 1494 2596 scholl.

324 2643 417 2707 1300.
461 2644 544 2706 1304
581 2641 683 2706 susius
717 2649 883 2724 exponunt
919 2663 1020 2724 quare
1055 2640 1218 2705 Hercules
1253 2640 1424 2704 Boreadas
1454 2638 1497 2703 ad

319 2747 447 2811 Tenum
479 2750 655 2828 necaverit,
680 2756 788 2813 tamen
814 2749 857 2812 ad
880 2746 1030 2813 Acusilai
1059 2769 1191 2812 causam
1224 2747 1401 2812 eruendam
1430 2767 1496 2810 non

320 2853 479 2918 ducimur.
506 2893 548 2902 -
572 2855 747 2920 Acusilaus
762 2855 858 2920 huius
881 2856 1079 2921 narrationis
1096 2876 1161 2918 non
1178 2855 1266 2919 solus
1284 2860 1334 2918 est
1349 2853 1496 2930 testis.⁹⁰)

410 3015 466 3078 Ad
502 3014 825 3098 Argonautarum
864 3016 993 3082 fabulas
1029 3017 1093 3080 duo
1130 3022 1279 3098 spectant
1314 3014 1497 3098 fragmenta

320 3123 407 3186 haec:

410 3283 509 3368 Frg.
534 3229 586 3347 31
610 3282 660 3368 (8)
684 3316 710 3333 =
733 3283 833 3348 οιίιοί.
853 3283 1000 3364 apollon.
1021 3282 1080 3348 aa.
1098 3284 1179 3366 Ανο.
1204 3283 1327 3347 Bw?
1349 3282 1399 3363 (p.
1418 3283 1495 3360 443,

322 3392 360 3455 td
385 3391 429 3470 K)
454 3389 494 3475 (π
520 3388 598 3455 Hes
624 3389 683 3474 sug.
712 3388 803 3476 152):

404 3543 534 3636 ’Ἄργος
557 3550 588 3615 δὲ
613 3551 820 3637 παροίτατος]
845 3547 892 3627 εἷς
915 3557 979 3614 τιῦν
1005 3549 1123 3635 Φρίξου
1146 3550 1272 3615 παίδων
1296 3539 1397 3626 οὗτος.
1421 3547 1497 3613 τοό-

319 3680 395 3733 τοις
425 3656 458 3722 δὲ
480 3649 655 3742 Ἡρόδωρος
684 3677 783 3746 φησιν
814 3655 848 3722 ἐκ
871 3656 1062 3744 Χαλκιόπης
1091 3665 1147 3745 της
1170 3656 1293 3745 Αἰήτου
1322 3651 1496 3741 θυγατρός,

320 3757 571 3841 Ἀκουσίλαος
602 3764 635 3830 δὲ
658 3766 711 3830 καὶ
734 3757 880 3841 (Ησίοδος
910 3762 943 3829 ἐν
966 3774 1039 3842 ταῖς
1062 3764 1228 3849 Μεγάλαις
1250 3755 1372 3839 Ἠοίαις
1396 3763 1497 3850 φασὶν

409 3944 444 4012 ⁸⁸)
466 3947 529 3995 Hes
556 3948 604 4008 [ις.
625 3945 660 3997 58
687 3947 787 4012 (schol,
817 3947 903 4008 Apoll.
931 3947 980 3995 un.
1006 3943 1120 4012 B297):
1148 3942 1353 4008 Ἀπολλώνιος
1371 3943 1427 4012 μὲν
1446 3943 1499 3994 οὖν

321 4036 372 4102 τὴν
391 4036 617 4102 ἀποστρέψαοαν
636 4035 700 4100 τοὺς
719 4035 785 4103 περὶ
806 4033 901 4102 Ζήτην
919 4033 993 4104 Ἰριν
1010 4033 1100 4102 λέγει,
1121 4033 1256 4098 Ἡσίοδος
1275 4031 1305 4083 δὲ
1327 4030 1449 4101 Ἑρμῆν,

409 4123 443 4193 89)
463 4125 551 4183 Quam
572 4125 668 4174 leviter
686 4126 753 4174 talia
771 4125 903 4186 adjuncta
922 4125 986 4186 sint,
1006 4129 1121 4186 apparet
1139 4140 1182 4174 ox.
1197 4139 1234 4188 gr.
1249 4138 1283 4173 ex
1297 4123 1427 4182 Hesiodo,
1447 4123 1496 4172 Tu.

320 4213 372 4265 287
394 4229 432 4269 ss,
451 4212 504 4265 314
524 4229 562 4264 ss.
582 4212 633 4266 327
654 4229 692 4264 ss
713 4219 763 4265 etc.

410 4300 443 4366 9⁰)
464 4303 503 4352 Cf.
526 4305 591 4367 Hyg.
612 4319 637 4366 p.
657 4303 700 4365 47,
721 4303 754 4357 21
776 4318 814 4354 ss
835 4303 940 4364 Saum,
963 4303 1024 4352 Seu.
1040 4302 1107 4354 Med.
1122 4301 1188 4366 6373
1210 4303 1296 4352 schol.
1317 4302 1394 4350 Pind.
1415 4300 1444 4350 Ο.
1467 4302 1498 4351 u·

321 4390 426 4445 21132
