3486 5116
798 434 1018 496 „24-

408 629 509 713 Frg.
533 628 583 692 14
607 627 679 712 (31)
703 660 729 678 =
757 628 978 709 Ηονμοτνοίίο
1001 647 1025 693 s.
1052 647 1079 694 ν.
1104 627 1276 717 Ὁμηρίδαι
1285 650 1297 696 .·

408 787 591 877 Ὁμηρίδαι·
625 785 811 877 Ἰσοκράτης
840 786 948 876 Ἑλένη
979 788 1011 874 (ξ
1035 790 1103 872 65).
1134 787 1306 878 Ὁμηρίδαι
1335 789 1426 874 γένος
1460 790 1494 856 ἐν

320 897 406 982 Χίῳ·
429 892 512 984 ὅπερ
536 893 792 970 Ἀκουσίλαος
815 896 849 963 ἐν
872 893 908 981 γ’.
932 893 1116 970 Ἑλλάνικος
1140 897 1215 982 (frg.
1231 897 1288 980 55)
1304 898 1338 964 ἐν
1354 896 1394 985 τῇ
1409 894 1493 962 Ἀτ-

318 999 467 1072 λαντιάδι
491 999 559 1070 ἀπὸ
582 1003 642 1070 τοῦ
665 1003 807 1090 ποιητοῦ
830 1006 932 1091 φησίν
955 999 1161 1085 ιδνομάσίίαι.

408 1163 475 1216 Loci
495 1167 559 1216 smis
580 1167 624 1216 hic
644 1172 700 1215 est:
739 1163 887 1230 Σέλευκος
906 1164 936 1217 δὲ
956 1167 987 1217 ἐν
1007 1165 1032 1229 β’
1052 1166 1118 1235 περὶ
1138 1167 1209 1230 βίων
1227 1167 1404 1235 ἁμαρτάνειν
1422 1167 1492 1235 φησί

316 1256 453 1326 Κράτητα
466 1253 918 1324 νομίζονταἐνταῖςἹεροποιίαις
931 1253 1090 1325 Ὀμηρίδας
1103 1256 1264 1324 ἀπογόνους
1278 1256 1353 1306 εἶναι
1368 1260 1416 1306 τοῦ
1431 1273 1493 1306 ποι-

317 1351 394 1414 ητοῦ·
415 1344 630 1414 ὠνομάσθησαν
642 1344 696 1414 γὰρ
710 1345 768 1395 ἀπὸ
781 1349 837 1395 τῶν
849 1346 974 1414 ὁμήρων,
995 1346 1057 1396 ἐπεί
1071 1347 1101 1396 al
1114 1347 1249 1414 γυναῖκές
1260 1363 1328 1396 ποτε
1345 1350 1400 1396 τῶν
1413 1341 1494 1396 Χίων

318 1438 350 1486 ἐν
364 1434 527 1499 Διονυσίοις
540 1436 800 1504 παραφρονήσασαι
818 1435 860 1498 είς
876 1434 975 1502 μάχην
994 1433 1092 1502 ἦλθον
1109 1441 1167 1500 τοῖς
1183 1433 1313 1504 ἀνδράσι,
1333 1435 1380 1485 καί
1399 1432 1494 1499 δόντες

317 1522 466 1592 ἀλλήλοις
479 1525 574 1593 ὅμηρα
587 1524 732 1592 νυμφίους
744 1524 792 1574 καί
803 1525 919 1592 νύμφας
932 1525 1103 1590 ἐπαύσαντο,
1115 1523 1155 1576 ὧν
1165 1525 1229 1589 τοὺς
1238 1524 1400 1593 ἀπογόνους
1411 1522 1492 1593 Ὁμη-

318 1612 400 1684 ρίδας
418 1611 564 1683 λέγουσιν,
603 1613 640 1662 Cf.
661 1613 820 1676 epitomum.

407 1755 528 1821 Suidas
562 1778 586 1824 s.
612 1778 639 1819 v.
664 1752 837 1842 Ὁμηρίδαι
860 1754 1161 1838 Harpocrationem
1193 1761 1324 1820 secutus
1355 1757 1492 1840 primam

318 1863 493 1948 fragmenti
517 1869 644 1946 partem
676 1861 716 1925 ed
750 1867 975 1945 argumentum
999 1862 1184 1927 nominibus
1215 1863 1343 1927 omissis
1374 1884 1492 1947 propo-

319 1971 393 2052 suit,
424 1969 500 2034 inde
526 1969 567 2035 ab
592 1969 667 2036 ἐπεὶ
690 1967 726 2035 αἱ
750 1975 898 2052 γυναῖκες
930 1969 1130 2034 adverbum
1161 1969 1285 2034 fontem
1310 1971 1491 2055 exscripsit.

408 2076 509 2161 Apud
540 2075 721 2141 Isocratem
757 2075 803 2139 nil
837 2076 900 2140 nisi
930 2076 1185 2141 Homeridarum
1220 2098 1337 2142 nomen
1374 2083 1490 2142 exstat.

317 2183 603 2270 Lexioographum
626 2183 735 2266 igitur,
769 2184 825 2266 qui
847 2182 924 2247 huic
947 2182 1104 2249 vocabulo
1130 2183 1378 2268 explicationem
1402 2183 1492 2248 addi·

317 2293 375 2374 dit,
399 2291 480 2355 illud
504 2289 594 2375 γένος
618 2291 652 2357 ἐν
676 2290 752 2377 Χίῳ
776 2289 936 2356 Acusilao
961 2290 1081 2356 debere
1098 2291 1215 2375 glossae
1239 2297 1411 2357 contextus
1436 2292 1490 2357 de-

317 2405 486 2463 monstrat.
533 2397 683 2462 Acusilai
711 2399 933 2462 testimonium
964 2398 1008 2462 ad
1031 2398 1201 2482 sequentia
1231 2397 1349 2463 referri
1379 2399 1493 2482 nequit

316 2512 451 2591 propter
474 2527 645 2571 numerum
668 2505 759 2570 verbi
787 2505 903 2594 φησίν;
933 2511 1094 2589 praeterea
1126 2512 1352 2588 argumentum
1376 2528 1434 2571 nos
1458 2506 1492 2570 id

317 2613 424 2678 facere
449 2619 547 2694 vetat,
581 2614 733 2696 quoniam
767 2613 839 2677 duae
866 2613 953 2677 inter
978 2634 1012 2677 se
1036 2619 1244 2696 opponuntur
1269 2612 1491 2698 sententiae.⁴²)

318 2718 505 2784 Secundum
535 2719 747 2784 Hellanicum
778 2719 863 2783 enim
887 2718 1077 2783 Homeridae
1109 2739 1248 2783 nomen
1279 2717 1320 2783 ab
1343 2719 1490 2784 Homero

318 2833 522 2909 acceperant,
552 2825 727 2892 Acusilaus
756 2847 833 2890 vero
864 2826 1141 2909 (genealogiarum
1166 2827 1336 2910 scriptor!)
1369 2827 1409 2892 de
1434 2850 1491 2910 ge-

317 2956 424 3013 nere,
457 2934 488 2997 h.
515 2956 541 2998 e.
577 2933 616 2996 de
647 2934 835 3016 progenie
866 2940 972 3017 poetae
1004 2934 1212 3016 cogitaverat.
1260 2931 1371 3016 Quare
1402 2941 1490 2999 recte

316 3039 378 3104 Ed.
403 3040 519 3124 Meyer
542 3038 595 3124 (II
618 3039 716 3126 §267
741 3039 789 3125 A)
814 3041 998 3124 suspicatus
1023 3062 1094 3105 esse
1118 3040 1196 3104 mihi
1220 3040 1349 3104 videtur
1372 3040 1491 3105 Acusi-

316 3149 414 3232 laum,
439 3148 493 3231 qui
516 3147 699 3213 Homerum
724 3145 843 3213 Chium
867 3147 967 3212 fuisse
991 3147 1200 3233 probaret‚⁴³)
1224 3147 1390 3212 addidisse
1407 3147 1489 3213 Ohio

316 3257 348 3319 in
373 3255 480 3320 insula
502 3254 756 3319 Homeridarum
780 3276 882 3337 genus
905 3253 1078 3334 florere.⁴⁴)

317 3401 528 3409 -————-

404 3485 438 3552 ¹¹²)
460 3489 497 3540 Cf.
517 3489 604 3540 schol.
620 3489 695 3538 Pind.
716 3490 748 3542 N.
769 3489 792 3537 ll
812 3489 841 3539 1:
863 3485 1023 3557 Ὀμηρίδας
1041 3485 1145 3556 ἔλεγον
1164 3490 1194 3540 τὸ
1212 3490 1267 3558 μὲν
1285 3489 1409 3557 ἀρχαῖον
1428 3488 1492 3552 τοὺς

315 3579 440 3630 ἀπὸτοῦ
463 3576 588 3648 Όμηρον
607 3579 716 3646 γένους,
743 3579 770 3629 οἳ
797 3577 867 3629 κατὰ
894 3579 945 3646 την
962 3580 1082 3644 ποίησιν
1100 3579 1188 3630 αὐτοῦ
1208 3581 1239 3630 ἐκ
1260 3576 1395 3645 διαδοχῆς
1413 3576 1490 3648 ᾖδον.

314 3667 386 3736 μετὰ
405 3665 435 3717 δὲ
455 3672 540 3717 ταῦτα
560 3667 608 3717 καί
634 3668 662 3718 ol
681 3665 812 3736 ῥαψῳδοί
840 3668 934 3718 οὐκέτι
960 3666 990 3717 τὸ
1010 3668 1092 3736 γένος
1116 3668 1158 3732 είς
1177 3664 1311 3736 Ὅμηρον
1329 3666 1490 3737 ἀνάγοντες.

315 3758 372 3806 Hoc
392 3771 479 3806 sensu
499 3757 636 3805 Pindarus
656 3758 791 3806 vocabulo
812 3759 904 3807 utitur.

402 3842 435 3907 ⁴³)
456 3847 635 3910 Logographo
655 3846 729 3895 enim
745 3847 881 3896 Homerus
895 3861 989 3898 oaecus
1008 3851 1105 3897 cantor
1118 3846 1204 3896 Chius
1217 3847 1328 3911 ignotus
1349 3860 1404 3895 non
1424 3846 1488 3907 fuit;

316 3950 379 3985 nam
400 3935 557 3984 Simonides
576 3939 603 3984 et
622 3935 768 3997 Pindarus
797 3937 858 3986 eius
886 3938 941 3987 lere
961 3938 1095 4000 aequales
1123 3937 1222 3986 Chium
1241 3941 1352 3999 poetam
1371 3936 1490 3998 appella-

314 4030 421 4085 verunt,
442 4039 540 4073 omnes
561 4025 621 4074 sine
638 4026 722 4074 dubio
742 4026 796 4075 nisi
817 4027 844 4075 in
864 4027 1000 4089 prooemio
1020 4026 1066 4075 illo
1086 4026 1113 4074 in
1134 4026 1220 4089 Apoll.
1235 4027 1292 4076 Del.
1313 4027 1396 4089 (hym.
1411 4026 1488 4075 llom.

315 4112 396 4164 1172
416 4113 467 4176 se.)
488 4114 561 4162 siout
580 4114 662 4162 etiam
682 4115 766 4164 Thuc.
787 4116 822 4164 lll
842 4115 903 4167 104.

403 4199 437 4266 Μ)
458 4203 495 4252 Cf.
511 4202 598 4252 Stran.
618 4204 675 4253 XlV
689 4218 714 4265 p.
729 4201 794 4254 645:
815 4203 1044 4273 ’ἀμφισβητοῦσι
1065 4202 1095 4254 δὲ
1115 4204 1162 4253 καί
1176 4201 1308 4274 Ὀμήρου
1322 4193 1398 4267 Χῖοι,
1417 4219 1490 4271 μαρ-

313 4291 412 4359 τύριον
430 4292 477 4342 καί
497 4293 562 4356 τοὺς
577 4289 732 4362 Ὃμηρίδας
761 4290 962 4361 καλουμένους
979 4293 1036 4344 ἀπδ
1055 4297 1104 4344 τοῦ
1123 4294 1236 4344 ἐκείνου
1256 4295 1356 4362 γένους
1375 4308 1490 4360 προχει-

317 4380 466 4449 ριζόμενοι
485 4379 546 4432 ιιτλ.
