3486 5116
356 1770 505 1838 Acusilai
536 1771 719 1858 fragmenta
742 1793 844 1855 usque
869 1771 911 1836 ad
935 1772 1022 1837 hunc
1052 1772 1137 1836 diem
1165 1771 1215 1838 bis
1245 1771 1334 1836 edita
1358 1781 1443 1855 sunt,

268 1886 303 1945 at
316 1878 415 1944 semel
427 1879 651 1944 tantummodo
660 1879 807 1964 collecta,
821 1879 945 1944 scilicet
957 1901 976 1943 a
989 1878 1201 1943 Frederico
1215 1879 1271 1942 W.
1287 1877 1444 1965 Sturz.¹)

269 1985 436 2051 Carolus
460 1985 666 2072 Mueller2)
691 1986 777 2050 enim
793 1985 956 2051 Sturzium
973 1985 1041 2050 fere
1058 1985 1100 2049 ad
1117 1985 1252 2050 verbum
1269 1988 1443 2070 exscripsit

268 2100 368 2158 et-
390 2100 427 2157 ut
450 2092 569 2176 pusilla
593 2095 739 2158 omittam
765 2131 805 2140 -
830 2094 864 2156 in
888 2093 1001 2157 ordine
1035 2097 1162 2157 tautum
1186 2092 1443 2176 fragmentorum

268 2199 544 2283 disponendorum
579 2200 621 2265 ab
652 2221 691 2264 eo
722 2199 896 2282 discrepat,
944 2199 1025 2264 Tria
1055 2221 1131 2264 vero
1166 2206 1328 2283 praeterea
1358 2199 1441 2284 frag·

266 2313 377 2370 menta
401 2306 541 2372 addidit:
569 2311 656 2384 721,
681 2307 780 2371 Prob.
805 2307 839 2370 in
855 2305 956 2389 Verg.
973 2306 1055 2370 Buc.
1079 2306 1187 2386 1148,
1212 2306 1300 2390 quod
1322 2309 1441 2391 spuriis

267 2413 546 2478 adnumerandum
578 2436 649 2478 esse
674 2434 801 2478 censeo
848 2414 902 2477 De
925 2413 1090 2477 nonnullis
1121 2412 1313 2498 fragmentis
1336 2436 1442 2498 pauca

267 2519 422 2585 disseruit
454 2521 495 2584 R.
528 2519 679 2586 Stiehle
714 2521 748 2584 in
779 2518 943 2605 Philologi
975 2519 1036 2584 vol.
1070 2519 1159 2586 VIII
1190 2543 1221 2604 p.
1253 2523 1439 2586 608—610.

267 2625 386 2692 Sturzii
411 2648 501 2709 opus,
533 2629 676 2691 omnium
701 2628 756 2710 qui
779 2626 929 2691 Acusilai
958 2627 1142 2711 fragmenta
1164 2629 1354 2693 tractabant
1377 2630 1440 2692 uti-

266 2755 329 2816 que
352 2733 609 2814 fundamentum,
641 2755 838 2817 quamquam
861 2756 881 2798 a
906 2733 1026 2799 Oarolo
1050 2734 1193 2798 Mueller
1222 2736 1336 2817 paucis
1364 2756 1440 2799 auc-

266 2847 335 2904 tum
359 2847 417 2921 est,
442 2847 551 2905 tamen
568 2840 665 2905 hodie
690 2840 871 2905 obsoletum
896 2862 967 2906 esse
984 2863 1091 2924 neque
1115 2842 1181 2906 iam
1201 2840 1348 2905 sufficere
1373 2843 1442 2924 qui-

267 2968 404 3030 cumque
429 2948 614 3012 accuratius
637 2947 672 3012 id
696 2949 875 3030 inspexerit
899 2947 1066 3012 concedet.
1099 2945 1197 3031 Quod
1220 2968 1285 3011 non
1310 2954 1361 3013 est
1384 2950 1442 3012 mi·

265 3075 347 3117 rum.
394 3053 481 3118 Nam
504 3055 634 3118 interim
658 3076 723 3119 uon
747 3076 926 3138 paucorum
953 3055 1110 3119 librorum
1135 3055 1264 3119 codices
1288 3054 1440 3118 meliores

265 3161 423 3242 protracti
440 3163 725 3245 accuratioresque
744 3161 902 3226 editiones
920 3167 994 3225 sunt
1011 3167 1208 3244 comparata
1225 3169 1335 3244 atque,
1353 3160 1441 3244 quod

266 3268 383 3330 summi
407 3281 457 3332 est
479 3269 644 3346 momenti,
671 3269 739 3332 viro
764 3267 860 3332 docto
884 3274 963 3331 nota
986 3266 1130 3331 nondum
1155 3274 1250 3331 erant
1272 3267 1439 3333 volumina

265 3373 536 3456 Herculanensis,
567 3375 684 3458 quibus
715 3374 866 3438 adhuc8
897 3373 981 3458 (scil.
1006 3373 1065 3458 lrg.
1094 3373 1126 3438 l4
1150 3378 1169 3438 3
1194 3376 1215 3437 4
1241 3377 1260 3439 6
1285 3378 1304 3438 9
1332 3378 1369 3439 11
1398 3377 1441 3438 28

266 3483 320 3558 29)
345 3502 430 3544 nova
447 3480 602 3546 debemus
618 3481 840 3567 fragmenta‚⁸)
866 3503 937 3565 quae
956 3481 997 3545 ad
1015 3487 1184 3544 auctorem
1200 3486 1349 3545 nostrum
1367 3502 1442 3563 cog-

264 3587 463 3651 noscendum
480 3587 567 3650 haud
583 3589 716 3671 paulum
733 3588 915 3672 conferunt,
939 3594 976 3652 ut
990 3587 1077 3652 infra
1092 3587 1321 3652 illustrabitur.
1349 3587 1440 3652 Prae·

264 3703 355 3759 terea
372 3694 511 3759 Carolus
527 3695 669 3760 Mueller
692 3717 819 3760 omnem
842 3695 910 3760 fere
934 3700 1127 3778 apparatum
1152 3693 1300 3758 criticum
1317 3694 1438 3766 omisit,

353 3890 375 3960 1)
393 3893 561 3957 Pherecydis
575 3894 729 3958 fragmenta
745 3909 760 3943 e
774 3894 857 3942 variis
876 3894 1058 3956 scriptoribus
1077 3893 1188 3956 collegit
1208 3892 1367 3941 emendavit
1380 3892 1443 3939 illu-

264 3982 369 4042 stravit,
394 3983 657 4032 commentationem
670 3983 705 4032 de
719 3983 873 4045 Pherecyde
893 3989 1012 4045 utroque
1031 3985 1058 4030 et
1077 3982 1244 4043 philosopho
1264 3986 1291 4029 et
1309 3980 1441 4029 historico

264 4071 408 4131 praemisit,
428 4071 549 4134 denique
568 4072 722 4134 fragmenta
735 4072 855 4121 Acusilai
876 4077 903 4121 et
922 4071 1029 4119 indices
1047 4070 1148 4118 adiecit
1161 4069 1318 4118 Fridericus
1333 4068 1442 4118 Guiliel-

263 4173 327 4208 mus
347 4159 434 4218 Sturz,
455 4161 497 4208 ed.
519 4162 564 4210 alt.
584 4165 666 4209 aucta
685 4166 712 4209 et
730 4162 879 4210 emendata
898 4161 970 4222 Lips
991 4157 1060 4211 1824
1080 4173 1105 4221 p.
1126 4157 1274 4209 214-224.

351 4245 371 4312 2)
393 4248 458 4298 FHG
478 4249 487 4297 l
508 4264 533 4311 p.
553 4247 699 4310 100-103‚
720 4250 940 4299 additamentum
961 4249 1026 4297 ibid.
1047 4248 1080 4298 lv
1100 4263 1126 4311 p.
1146 4247 1207 4299 624.

349 4334 370 4401 ³)
391 4338 513 4387 Breviter
536 4339 571 4388 de
594 4339 629 4387 iis
653 4339 804 4401 disputavit
822 4339 985 4398 Buecheler,
1005 4338 1098 4390 Jahrb.
1119 4339 1136 4386 1.
1157 4338 1226 4386 Phil.
1248 4337 1305 4386 XCI
1323 4334 1393 4388 1865
1415 4351 1440 4398 p.

264 4425 394 4488 o13-41‚
415 4427 516 4476 etalii.
