3486 5116
788 450 1007 510 -56-

307 643 432 706 venisse
458 653 617 719 narraret,
650 640 816 707 refutavit:
847 638 900 706 ἵνα
923 640 1038 724 μή
1063 633 1212 706 circadam
1236 641 1303 729 τήν
1325 634 1383 706 Ἑλ
1398 642 1484 730 ’νην

395 746 571 812 Acusilans
596 748 623 812 si
647 769 762 812 causas
786 747 906 834 attulit,
932 749 1030 812 etiam
1054 770 1162 814 rerum
1178 751 1321 832 ipsarum
1346 751 1480 815 mentio-

307 877 380 920 nem
404 855 491 918 fecit.
539 855 658 919 Totum
687 855 787 938 igilur
816 854 974 919 scholium
999 857 1029 920 ei
1053 856 1234 920 attribuero
1266 878 1331 920 non
1356 856 1480 920 dubito.

395 962 557 1026 Fabulam
581 961 656 1026 ideo
680 969 792 1026 noster
815 963 860 1025 ita
882 962 1061 1045 proposuit,
1087 963 1174 1044 quod
1198 963 1301 1046 logice
1326 969 1359 1027 et
1383 964 1483 1046 scrip·

307 1069 388 1133 toris
413 1069 603 1152 pragmatici
635 1089 725 1132 mora
749 1067 878 1133 fabulas
909 1075 1063 1148 tractare,
1098 1068 1132 1132 id
1164 1075 1235 1133 erat
1269 1069 1479 1148 ΠΙιίελοτὶιιοϋ·

308 1175 461 1256 scribere,
485 1175 562 1240 belli
587 1175 697 1240 Troici
721 1195 837 1240 causas
862 1175 1084 1258 explicarem
1109 1177 1216 1240 animo
1242 1182 1321 1240 erat.

398 1280 509 1365 Quare
545 1282 586 1346 ad
619 1281 811 1346 Troicorum
841 1303 954 1364 regum
986 1288 1123 1347 stemma
1153 1282 1368 1369 fragmentum
1400 1283 1484 1347 rele-

309 1411 427 1455 remus.

397 1569 497 1653 Frg.
520 1569 579 1633 40
604 1568 676 1654 (30)
700 1601 726 1618 =
749 1567 847 1633 schol.
873 1569 968 1633 Hom.
993 1592 1011 1654 ρ
1034 1571 1098 1634 207
1133 1569 1241 1650 Volo..-

391 1735 526 1810 Ἴθακος
554 1737 608 1800 καὶ
644 1735 790 1825 Νήριτος
824 1735 879 1826 ήιλὲ
911 1736 1104 1826 Πολύκτωρ]
1143 1736 1333 1826 Πτερελάου
1365 1742 1485 1810 παῖδες

302 1844 438 1916 Ἴθακος
472 1845 526 1910 καὶ
559 1841 705 1931 Νήριτος
734 1840 802 1910 dmi
835 1842 919 1917 Διὸς
947 1843 1076 1924 ἔχοντες
1105 1841 1142 1911 τά
1173 1844 1263 1929 γένος
1294 1843 1397 1930 η’λκουν
1427 1841 1486 1930 τήν

310 1952 550 2037 Κεφαλληνίαν.
574 1947 694 2038 άρὲσαν
718 1951 754 2018 δὲ
777 1948 891 2024 αὐτοῖς
914 1952 1011 2016 τοῦτο
1027 1950 1263 2026 καταλιπόντες
1285 1949 1326 2017 τά
1343 1951 1486 2040 σφέτερα

312 2056 379 2145 ήθη
395 2059 630 2146 παραγίνονται
646 2058 696 2131 εἷς
711 2055 769 2145 τήν
783 2055 924 2144 Ἰθάκην.
948 2061 1003 2125 καὶ
1019 2055 1121 2125 alnov
1138 2058 1262 2133 ἰδόντες
1278 2051 1315 2126 εὖ
1331 2083 1485 2144 πεποιη-

283 2165 405 2247 σμένον
428 2164 476 2238 εἰς
500 2162 710 2247 συνοικισμὸν
733 2163 788 2232 deci
814 2163 851 2231 τά
874 2166 939 2230 τῶν
963 2167 1254 2254 ιταρατεθειμείἰυν
1280 2163 1486 2253 ὑψηλότερον

311 2267 392 2339 εἶναι
418 2272 670 2359 κατοικήσαντες
694 2273 791 2359 άεῦρο
814 2269 873 2358 τήν
895 2270 1029 2359 Ἰθάκην
1044 2272 1182 2341 ἔκτισαν.
1207 2276 1262 2340 καὶ
1286 2274 1321 2339 ἐκ
1343 2273 1403 2355 μὲν
1426 2273 1486 2338 τοῦ

310 2373 444 2448 'radron
469 2378 487 2466 ή
509 2380 606 2466 νήσος
630 2379 857 2464 ἐπωνομάσθη
880 2376 1004 2465 Ἰθάκη,
1028 2377 1065 2445 τά
1089 2381 1125 2448 δὲ
1148 2381 1386 2468 παρακείμενον
1409 2378 1486 2465 ὅρος

311 2487 346 2551 ἐκ
368 2487 428 2552 τοῦ
452 2488 601 2576 Νηρίτου
626 2483 780 2575 Νήριτον.
807 2485 826 2574 ή
850 2487 885 2554 δὲ
910 2485 1039 2574 ἱστορία
1063 2483 1153 2574 παρά
1177 2478 1424 2571 Ἀκουσιλάῳ.

401 2650 425 2698 1.
446 2646 626 2718 Πτερελάου]
647 2651 759 2698 Barnea.
779 2654 806 2698 et
825 2650 900 2698 Eust.
920 2663 945 2712 p.
966 2647 1044 2708 1815,
1065 2647 1100 2699 50
1118 2645 1273 2717 Περελάου
1293 2649 1321 2700 V.

400 2736 425 2788 6.
444 2739 529 2802 εἶναι]
551 2740 650 2792 Buttm.
670 2753 720 2801 pro
739 2739 814 2789 εἶναι
835 2738 891 2788 καί.

401 2826 424 2878 7.
445 2827 567 2892 ήνῆσος]
579 2825 693 2892 ἡπόλις
703 2827 806 2890 Spohn.
834 2827 943 2876 Schol.
960 2829 978 2876 B
994 2827 1028 2885 O:
1050 2826 1127 2877 οὗτοι
1141 2825 1310 2895 Πτερελάου
1324 2825 1425 2890 καῑὸες
1438 2825 1485 2875 καὶ

445 2914 634 2984 Ἀμφιμέὄης.
649 2917 697 2967 καὶ
710 2916 768 2966 ἀπὸ
780 2916 836 2983 μὲν
849 2914 968 2965 Ἰθάκου
983 2913 1093 2982 Ἰθάκη,
1106 2917 1163 2966 ἀπὸ
1178 2915 1208 2966 δὲ
1222 2915 1347 2984 Νηρίτου
1363 2913 1488 2982 Νήριτον

446 3005 519 3072 ὄρος,
538 3005 596 3055 ἀπὸ
617 3003 646 3055 δὲ
666 3003 851 3075 Πολύκτορος
872 2999 1074 3074 ΙΙολυκτόριον
1093 3006 1177 3069 τόπος
1196 3007 1228 3055 ἐν
1247 3010 1278 3074 τη
1298 3003 1409 3072 Ἰθάκη.
1448 3005 1486 3053 Cl'.

447 3095 540 3144 locum
567 3094 742 3144 simillimum
768 3095 843 3144 Eust.
864 3096 942 3146 Hom.
963 3094 1012 3144 ou.
1032 3110 1057 3157 p.
1077 3092 1155 3154 1815,
1181 3093 1228 3145 49:
1257 3093 1297 3143 ὧν
1316 3095 1348 3158 ἐξ
1366 3090 1486 3144 Ἰθάκου

443 3184 498 3250 μὲν
516 3185 533 3248 ή
554 3181 665 3249 Ἰθάκη,
685 3183 742 3234 ἀπὸ
762 3182 792 3234 δὲ
806 3182 932 3252 Νηρίτοο
947 3182 1072 3250 Νήριτον
1091 3184 1156 3252 ὄρος
1175 3185 1241 3247 ἐκεῖ,
1262 3183 1319 3232 ἀπὸ
1339 3181 1369 3232 ot
1389 3180 1487 3234 Πολύ-

358 3340 360 3344 ,
446 3287 545 3339 κτορσς
568 3272 652 3335 τόπος
679 3269 782 3322 αὐτόθι
809 3267 1019 3340 Πολυκτόριον.

391 3412 550 3497 Cogitari
585 3420 703 3497 potest,
740 3413 948 3478 Eustathium
984 3413 1162 3497 pleniorem
1200 3414 1314 3478 scholii
1350 3413 1487 3477 formam

313 3520 407 3586 nobis
432 3541 589 3584 servasse.
621 3520 706 3585 Nam
732 3521 758 3584 si
782 3542 897 3584 revera
913 3519 1090 3585 Acusilaus
1106 3521 1244 3584 Homeri
1268 3521 1374 3584 locum
1399 3541 1488 3603 spec-

313 3629 404 3708 tavit,
422 3625 510 3691 haud
528 3625 625 3690 dubie
642 3630 740 3691 etiam
753 3627 962 3711 Polyctorem
978 3628 1042 3692 loci
1058 3627 1195 3692 alicuius
1208 3627 1352 3692 reddidit
1369 3648 1488 3711 apony·

315 3757 412 3798 mum.

402 3841 443 3904 In
461 3840 584 3905 scholio
601 3840 680 3923 quid
696 3842 739 3905 sit
754 3841 905 3906 Acusilai
921 3841 1142 3905 difficillimum
1159 3848 1212 3906 est
1226 3840 1325 3904 dictu.
1359 3838 1482 3905 Genea·

314 3948 408 4031 logias
431 3944 581 4012 Acusilai
612 3947 692 4030 quid
715 3948 821 4012 inesse
854 3949 921 4012 veri
947 3955 997 4013 est
1020 3947 1132 4012 simile.
1180 3947 1295 4012 Insula
1326 3948 1488 4030 cxprcssis

316 4054 421 4119 verbis
446 4054 486 4118 ab
511 4053 627 4118 Ithaco
660 4053 826 4118 nominata
856 4055 1034 4138 itidemque
1065 4076 1156 4119 mons
1189 4054 1348 4119 aNerito
1379 4053 1488 4136 appel·

314 4160 400 4226 latus
428 4167 596 4226 auctorem
627 4167 775 4226 nostrum
807 4160 966 4245 olentrr)
1013 4160 1099 4227 Sane
1131 4162 1195 4225 iam
1218 4161 1385 4226 Homerus
1419 4160 1488 4224 siue

404 4391 448 4457 τοι)
468 4396 506 4446 cr.
526 4395 592 4456 agg.
614 4391 647 4446 13
667 4393 700 4446 τι
721 4391 752 4444 17
773 4391 807 4442 23
825 4390 868 4444 38.
