3486 5116
784 450 1005 510 ..44-

307 631 494 722 ἇττέχεσθοι
525 639 577 705 διὰ
601 639 640 706 τὸ
662 638 715 705 ἐπ’
739 632 837 705 αυτοῦ
865 641 992 724 μέλλειν
1015 646 1169 726 γίνεσθαι
1201 640 1257 729 τὴν
1278 641 1376 725 μῖξιν.
1407 644 1486 728 περὶ

307 747 341 812 δὲ
363 756 421 812 τοῦ
437 747 553 834 δέρους,
578 741 629 812 ὅτι
652 736 688 834 ἦν
700 755 847 833 χρυσοῦν,
872 746 1069 813 οἱπλεῖστοι
1094 747 1285 835 ἱστοροῦσιν.
1310 739 1484 814 Ἀκουσί-

281 853 398 931 υλαος
419 854 452 919 δὲ
476 852 508 920 ἐν
531 863 578 940 uqi
601 855 677 939 περὶ
701 855 911 940 νενεαλογιιῦν
927 860 1196 943 πορφυρευθηνοί
1220 876 1318 944 φησιν
1339 849 1407 921 ὑπὸ
1429 864 1487 943 τῆς

307 960 487 1049 θαλάσσης.
1402 965 1437 1029 L.

397 1127 496 1174 Forma
514 1125 634 1174 discedit
653 1140 679 1188 p.

394 1212 419 1265 ὁ.
441 1214 506 1278 ὑπὸ]
527 1230 544 1277 p
564 1214 622 1264 ἀπὸ
641 1215 660 1263 L
680 1214 697 1264 l'.

396 1353 520 1420 Scholii
534 1355 614 1438 quid
635 1356 677 1420 sit
692 1353 840 1421 Acusilai
856 1357 1063 1422 manifestum
1089 1361 1139 1420 est
1163 1377 1268 1438 neque
1285 1357 1392 1421 minus
1410 1378 1482 1422 eum

306 1464 347 1528 ab
371 1462 520 1527 Hesiodo
545 1462 620 1547 (frg.
646 1464 703 1548 51)
728 1462 905 1528 abhorrere
929 1465 1136 1548 perspicitur.
1167 1463 1257 1528 Illud
1273 1470 1400 1530 tantum
1425 1465 1485 1528 du·

306 1571 396 1634 bium
421 1591 491 1634 esse
516 1576 633 1653 potest,
666 1592 742 1634 num
767 1577 884 1636 auctor
908 1571 1018 1636 multis
1049 1578 1148 1654 atque
1181 1571 1344 1653 expressis
1374 1572 1484 1637 verbis

306 1677 410 1742 vellus
434 1677 516 1741 mari
540 1676 648 1742 colore
678 1699 843 1761 purpureo
877 1677 1031 1743 affectum
1062 1700 1133 1742 esse
1164 1679 1348 1744 narraverit
1376 1701 1418 1744 an
1448 1680 1481 1743 in

306 1792 497 1849 transcursu
528 1783 616 1868 δέρος
639 1792 826 1871 πορφυροῦν
856 1785 1166 1851 commemoraverit.
1214 1784 1370 1849 Acusilao
1402 1808 1481 1868 quo-

306 1913 369 1975 que
394 1893 506 1957 arietis
530 1892 625 1974 pellis
657 1893 799 1956 omnium
825 1898 874 1956 est
897 1893 1149 1975 pretiosissima:
1182 1914 1284 1957 aurea
1307 1892 1408 1976 igitur
1432 1893 1484 1958 vel

306 2021 472 2083 purpurea
497 2037 538 2045 —
563 1999 650 2063 idem
674 1999 771 2064 valet.
800 1998 867 2064 Sed
892 2021 1089 2083 purpuream
1107 2020 1178 2064 eam
1203 2021 1274 2064 esse
1298 2000 1421 2076 maluit,
1446 2006 1484 2064 ut

307 2107 480 2190 explicatio
515 2129 586 2170 cum
611 2108 739 2171 ratione
762 2107 866 2190 magis
896 2106 1145 2192 congrueret.⁹⁴)
1190 2105 1309 2188 Neque
1332 2127 1397 2170 uno
1422 2106 1485 2170 hoc

305 2213 378 2278 loco
403 2213 533 2279 velleris
556 2214 713 2297 purpurei
737 2215 925 2278 memoriam
949 2213 1103 2278 traditam
1127 2211 1316 2298 repperi.⁹⁵)

396 2319 479 2385 Cum
516 2342 644 2404 semper
679 2321 722 2384 ad
756 2321 964 2404 genealogias
999 2321 1107 2403 potius
1143 2342 1242 2402 quam
1277 2319 1319 2383 ad
1355 2319 1486 2385 fabulas

306 2429 436 2511 copiose
471 2434 622 2492 narratas
658 2427 799 2492 frustula
829 2427 1004 2492 reserenda
1040 2427 1114 2508 sint,
1150 2426 1278 2491 Iasonis
1309 2428 1481 2509 stemmati,

305 2534 395 2616 genti
417 2535 516 2616 igitur
540 2534 637 2598 alicui
661 2534 861 2620 Thessalico,
891 2533 1107 2618 fragmentum
1132 2534 1330 2599 immisceam
1362 2534 1415 2613 (cf.
1440 2534 1482 2600 ad

306 2641 365 2725 srg.
391 2642 459 2728 31).

394 2821 494 2907 nrg.
519 2822 577 2885 33
602 2819 674 2907 (21)
698 2854 724 2872 =
749 2821 895 2902 Apollod.
922 2821 979 2884 m
1000 2821 1065 2885 30:

395 2978 587 3066 κατεβρώθη
609 2971 675 3045 circo
698 2988 763 3045 τῶν
779 2979 869 3045 ἰδίων
891 2987 992 3044 κυνῶν
1017 2979 1098 3063 (scil.
1116 2970 1303 3063 Ἀκταίων).
1328 2980 1383 3042 καὶ
1405 2987 1481 3044 τοῦ·

305 3111 360 3152 τον
384 3085 567 3173 ἐτελεύτησε
597 3085 652 3152 τὸν
675 3082 805 3174 τρόπον,
839 3080 882 3164 ὡς
903 3087 962 3168 μὲν
988 3077 1231 3163 Ἀκουσίλαος
1262 3085 1356 3171 λέγει,
1388 3091 1483 3173 μηνί-

305 3215 421 3272 σαντος
448 3201 505 3258 τοῦ
529 3191 611 3270 Διὸς
634 3188 685 3259 ὅτι
709 3188 945 3282 ἐμνηστεύσατο
967 3193 1114 3281 Σεμέλην,
1147 3186 1246 3270 ὡςδὲ
1272 3191 1302 3258 οἱ
1326 3194 1482 3276 πλείονες,

306 3296 357 3367 ὅτι
379 3300 436 3389 τὴν
453 3295 612 3388 ’Ἄρτεμιν
635 3301 807 3388 λουομένην
830 3298 904 3370 εἶδε.

393 3464 418 3517 2.
441 3465 488 3515 καὶ
510 3493 536 3500 -
557 3464 664 3533 τρόπον
682 3467 735 3516 del.
751 3466 872 3514 llercher
891 3467 998 3528 virgula
1017 3469 1080 3527 post
1100 3468 1197 3514 κυνῶν
1215 3465 1314 3527 posita,
1336 3465 1426 3512 Herm.
1447 3464 1482 3512 xl

439 3570 464 3617 p.
485 3553 545 3607 234.

438 3645 501 3712 μὲν]
523 3642 560 3693 Rb
579 3645 625 3693 Hr.
645 3644 701 3712 μὲν
720 3644 773 3694 οὖν
792 3645 839 3696 ES.

393 3786 585 3852 Acusilaum
603 3808 710 3852 causae
728 3787 864 3851 alicuius
880 3793 997 3851 testem
1018 3785 1172 3850 advocari
1189 3805 1253 3849 uon
1271 3785 1335 3847 iam
1350 3783 1483 3846 mirabi-

303 3917 389 3959 mur:
427 3895 654 3978 discrepantiae
679 3895 822 3959 auctoris
847 3915 920 3957 cum
943 3892 1092 3957 Hesiodo
1117 3892 1168 3956 vel
1192 3891 1264 3955 aliis
1288 3890 1481 3974 plerumque

303 4004 337 4065 in
361 4003 467 4068 causis
498 4000 674 4066 afferendis
705 4003 821 4085 positae
851 4006 935 4065 sunt.
983 3999 1133 4064 Acusilai
1164 3999 1386 4064 narrationem
1416 3997 1482 4061 iam

391 4216 428 4282 9⁴)
448 4221 544 4282 Neque
563 4225 637 4269 certe
657 4220 813 4270 offendebat
832 4219 954 4268 itcusilai
973 4218 1076 4280 opinio,
1097 4216 1130 4266 cs.
1152 4217 1230 4269 Hom.
1259 4213 1282 4266 A
1302 4213 1362 4266 482.
1384 4218 1400 4277 β
1419 4210 1483 4264 428.

303 4326 320 4357 ν
338 4306 381 4359 85.
405 4306 428 4358 Φ
447 4307 507 4360 326.
528 4305 547 4359 λ
568 4308 627 4362 243.
647 4307 680 4359 Π
696 4307 756 4360 391.

391 4395 425 4465 ⁹⁵)
444 4399 524 4448 Antii.
545 4398 587 4446 Gr.
608 4398 651 4458 15,
672 4399 706 4452 25
726 4400 807 4447 lason
827 4399 983 4458 appellatur
1002 4396 1064 4465 φὼρ
1085 4397 1251 4465 πορφυρέου
1271 4398 1362 4462 κριοῦ,
