3486 5116
731 449 951 510 ..31-

342 640 537 724 Priusquam
569 641 612 705 ad
635 641 736 724 ipsam
768 643 980 724 quaestionem
1011 643 1214 724 accedamus,
1247 643 1287 707 de
1311 644 1427 708 lunda-

252 748 369 811 mentis
394 747 537 812 breviter
566 747 681 827 dicam,
713 747 841 830 quibus,
873 770 944 832 quae
977 749 1017 812 de
1041 749 1188 815 Acusilai
1219 757 1315 815 aetate
1349 773 1426 815 enu-

253 853 358 917 cleare
376 856 547 937 possimus,
573 857 730 923 nitantur.
760 855 837 918 Duo
852 856 1055 938 potissimum
1072 856 1179 922 fontes
1194 855 1289 923 nobis
1305 868 1425 941 praesto

253 968 337 1043 sunt,
368 961 526 1043 equibus
550 962 699 1025 fortassis
730 949 886 1026 nonnulla
920 961 960 1025 de
991 965 1134 1027 auctoris
1166 972 1262 1028 aetate
1293 965 1425 1030 haurire

251 1066 376 1132 licebit:
426 1069 458 1153 l)
481 1068 639 1135 Veterum
664 1076 833 1134 auctorum
857 1069 922 1134 loci
953 1076 986 1134 et
1016 1070 1148 1152 quidem
1171 1072 1194 1134 ii
1218 1073 1273 1155 qui
1296 1079 1425 1154 tempus

252 1175 412 1257 expressis
443 1175 551 1239 verbis
576 1174 736 1239 definiunt
760 1181 792 1239 et
815 1176 838 1238 ii
864 1197 880 1240 e
905 1176 1023 1260 quibus
1047 1177 1171 1261 aliquid
1195 1178 1344 1242 concludi
1368 1201 1435 1262 pom

251 1288 324 1350 test.
373 1281 407 1366 2)
431 1281 580 1346 Acusilai
603 1281 797 1364 fragmenta.

338 1387 485 1452 Primum
501 1387 624 1453 fontem
642 1389 880 1453 exhauriamus.
914 1388 979 1456 Sed
1004 1391 1181 1456 cavendum
1208 1399 1321 1456 estne
1345 1393 1423 1475 quid

250 1515 364 1558 eruere
388 1495 524 1560 velimus
548 1517 587 1560 ex
611 1497 796 1561 nominibus
825 1497 911 1561 inter
935 1519 968 1562 se
994 1499 1180 1582 compositis
1204 1505 1302 1583 atque
1327 1499 1424 1564 colla-

249 1601 300 1681 tis,
327 1603 446 1686 qnippe
479 1624 551 1686 quae
576 1603 767 1686 plerumque
793 1625 832 1668 ex
857 1604 1056 1688 compendiis
1088 1614 1271 1675 manarunt.
1317 1608 1358 1671 In
1384 1631 1422 1671 eo

248 1707 524 1792 haudquaquam
555 1717 683 1774 veteres
716 1709 913 1794 discrepant,
946 1710 1137 1777 Acusilaum
1171 1715 1419 1798 „annquorunr‘

248 1813 357 1882 fuisse.
389 1816 444 1880 Ita
468 1818 551 1881 enim
576 1817 623 1880 nil
647 1819 729 1882 certi
753 1817 793 1883 de
818 1839 856 1882 eo
880 1825 993 1882 notum
1010 1825 1091 1896 erat,
1116 1821 1271 1886 ulmodo
1296 1830 1420 1906 septem

248 1921 491 1988 adscriberetur
514 1922 786 2009 sapientibus,¹⁶³)
814 1925 910 1988 modo
940 1922 1100 2011 ἱστορικὸς
1122 1926 1343 2012 πρεσβύτατος
1366 1953 1422 2013 ap-

247 2029 505 2114 pellaretur:¹⁰⁴)
538 2030 627 2112 quod
650 2031 801 2094 nimirum
824 2052 889 2095 non
913 2031 955 2095 ad
978 2031 1121 2096 litteram
1144 2034 1329 2117 intelleges3
1363 2036 1420 2100 sed

246 2134 308 2200 boc
332 2144 459 2200 tantum
484 2137 631 2202 videmur
664 2137 757 2201 nobis
788 2159 854 2201 non
878 2139 947 2202 sine
972 2160 1070 2204 causa
1101 2141 1305 2220 concludere,
1337 2146 1419 2207 anti·

246 2243 415 2324 quioribus
439 2250 585 2308 nostrum
610 2244 890 2309 adnumerandum
915 2267 986 2310 esse
1013 2247 1273 2330 ‚‚logographis“.
1302 2249 1419 2331 Neque

246 2349 340 2414 aliter
370 2357 444 2414 utar
475 2352 515 2416 iis
538 2351 617 2416 locis
649 2353 705 2435 qui
729 2350 919 2416 Acusilaum
951 2374 1022 2416 cum
1045 2352 1204 2418 Hecataeo
1228 2353 1420 2438 Pherecpde

245 2455 317 2521 aliis
342 2458 551 2540 conjunctum
576 2457 798 2540 exhibent.¹⁶⁵)

334 2562 400 2629 Sed
425 2587 444 2628 a
469 2567 519 2629 via
542 2572 609 2630 tam
633 2565 760 2632 lubrica
785 2566 1001 2634 discedamus.
1040 2566 1096 2631 Ad
1120 2569 1263 2632 auctoris
1288 2575 1419 2632 aetatem

245 2672 452 2734 statuendam
476 2673 569 2754 quasi
585 2671 789 2737 fundamenti
805 2673 876 2738 loco
893 2674 1035 2756 ponendi
1052 2682 1128 2738 sunt
1145 2673 1323 2758 Dionysius
1339 2677 1416 2746 Hal,

244 2783 277 2840 et
299 2776 470 2861 Iosephus.
518 2779 617 2845 Dion.
642 2779 720 2846 Hal.
745 2779 822 2865 ιιερὶ
849 2787 938 2845 θουκ.
963 2802 994 2863 p.
1019 2783 1082 2844 818
1108 2803 1134 2844 c.
1153 2785 1187 2845 5:
1289 2773 1418 2867 α’ργαῑοι

241 2883 300 2965 μὲν
324 2871 377 2951 οὖν
401 2895 598 2973 συγγραφεῖς
627 2886 744 2950 πολλοὶ
774 2887 828 2951 καὶ
858 2885 939 2952 κατὰ
970 2886 1109 2964 πολλοὺς
1131 2886 1252 2965 τόπους
1275 2886 1419 2973 ἐγένοντο

243 2989 315 3076 πρὸ
346 2993 411 3056 τοῦ
439 2993 807 3080 Πελοποννησιακοῦ
836 2995 1015 3076 πολέμου·
1048 2992 1081 3060 ἐν
1105 2992 1153 3071 οἷς
1177 2992 1263 3060 ἐστιν
1286 2988 1417 3082 Εὐγέων

242 3122 277 3162 τε
339 3093 357 3163 ‘d
372 3123 408 3164 τε
424 3090 822 3185 Ἀργεῑοςλλκουσίλαος
837 3102 902 3169 κτλ.
927 3102 1107 3186 Dionysius
1117 3104 1226 3186 igitur,
1241 3126 1313 3168 cnm
1328 3105 1416 3169 Acu-

242 3206 358 3270 silaum
374 3214 451 3272 ante
467 3229 495 3272 a.
510 3211 571 3272 431
592 3208 740 3274 floruisse
759 3209 856 3288 dicat,
875 3209 939 3274 late
955 3231 1016 3274 nos
1033 3211 1142 3293 vagari
1157 3212 1242 3296 sinit,
1260 3213 1414 3294 quoniam

330 3349 373 3396 1⁶3l
394 3352 470 3414 Diog.
491 3353 576 3402 Laert.
592 3353 602 3401 l
621 3353 668 3403 41:
690 3353 762 3403 ἔνιοι
782 3349 992 3420 προστιθέασιν
1011 3354 1205 3418 (sapientibus)
1221 3352 1417 3406 Ἀκουσίλαον

240 3437 327 3503 Κάβα
346 3443 364 3506 ἢ
383 3440 502 3510 Σκάβρα
520 3439 662 3511 Ἀργεῖον.
682 3440 846 3511 Ἕρμιππος
865 3440 923 3492 δ’ἐν
942 3447 978 3508 τῷ
997 3440 1072 3511 Περὶ
1093 3447 1148 3493 τῶν
1167 3448 1264 3512 σοφῶν
1283 3445 1358 3503 (llic
1380 3447 1413 3493 lll

240 3529 283 3593 37)
305 3528 494 3580 ἑπτακαίδεκά
514 3549 611 3600 φησιν,
630 3530 671 3582 ὧν
689 3532 754 3596 τοὺς
772 3531 842 3582 ἑπτὰ
861 3529 975 3596 ἄλλους
993 3530 1095 3596 ἄλλως
1113 3530 1270 3600 αἱρεῖσθαι
1290 3534 1364 3585 εἶναι
1386 3533 1415 3585 δὲ

240 3616 365 3669 Σόλωνα
386 3657 427 3670 ...
448 3617 645 3671 Ἀκουσίλαον
664 3657 687 3670 ..
709 3621 793 3670 Clem.
812 3621 887 3670 Alex.
903 3621 999 3670 Strorn.
1021 3622 1031 3669 l
1045 3636 1069 3684 p.
1084 3620 1137 3672 350
1150 3623 1183 3670 P:
1199 3624 1226 3672 οἱ
1241 3621 1270 3672 δὲ
1284 3621 1415 3674 Ἀκουσί·

239 3704 314 3758 λασν
333 3708 381 3757 τὸν
399 3706 526 3777 Ἀργεῖον
551 3707 743 3777 ἐγκατέλεξεν
762 3713 819 3773 τοῖς
838 3709 909 3759 ἑπτὰ
928 3715 1035 3778 σοφοῖς.

329 3795 372 3859 1‘4)
393 3797 469 3846 Suid.
489 3812 510 3846 s,
530 3814 555 3846 v.
576 3795 776 3862 Ἀκουσίλαος.

329 3882 371 3946 ¹⁶⁵)
393 3886 429 3935 Cf.
450 3901 493 3938 ex.
513 3903 550 3950 gr.
572 3888 648 3937 Suid.
669 3902 691 3936 s.
712 3903 736 3938 V.
755 3880 918 3952 Ἑκαταῖος,
938 3887 1128 3958 Συγγραφεῑς,
1150 3887 1319 3958 Ἱστορῆσαι.
1353 3893 1413 3949 (lui-

238 3977 291 4024 bns
318 3976 387 4025 locis
406 3976 504 4024 anolt
524 3977 566 4026 Gr.
587 3977 685 4030 Gescb.
707 3973 729 4025 1²
747 3991 773 4040 p.
794 3976 891 4037 149‚3
918 3979 989 4028 effici
1016 3980 1156 4028 existimat
1183 3983 1293 4043 (nempe
1313 3981 1360 4028 illo
1381 3981 1413 4029 ιὰ

237 4063 300 4132 γὰρ
314 4063 508 4133 Ἀκουσιλᾴσν
521 4062 694 4128 νοθεύεται),
709 4066 870 4116 Acusilanm
885 4068 1013 4116 Hecataeo
1026 4068 1211 4130 antiquiorem
1224 4069 1320 4118 luisse.
1345 4073 1411 4126 lbra·

237 4155 384 4213 sententia,
405 4155 520 4216 nequid
534 4155 625 4204 dicam
639 4156 760 4218 gravius
781 4156 886 4205 incerta
905 4161 961 4218 est;
983 4170 1048 4205 riam
1068 4157 1135 4205 illud
1156 4157 1188 4206 ιὰ
1207 4157 1262 4226 γὰρ
1281 4156 1324 4210 Ἀ.
1344 4156 1409 4208 ved.

237 4243 333 4291 eodem
363 4243 422 4291 inre
442 4244 476 4292 ad
496 4245 671 4293 enuntiatum
698 4246 781 4294 modo
800 4246 972 4307 praecedenS‚
1000 4248 1170 4315 συγγραφὴν
1190 4245 1219 4296 δὲ
1242 4243 1411 4316 Φερεκύδης,

237 4332 347 4380 reseres.
386 4333 514 4381 Ceterum
533 4347 584 4395 ego
603 4333 717 4394 quidem
739 4334 791 4383 boc
812 4334 905 4383 Suidae
930 4335 992 4384 loco
1014 4336 1146 4384 vocabulo
1173 4335 1227 4404 γὰρ
1251 4338 1335 4384 talem
1356 4338 1409 4384 rim

237 4435 330 4470 messe
351 4436 428 4483 nego.
1199 4440 1202 4446 ¹
1234 4441 1236 4445 ·
