3486 5116
741 452 961 514 -53-

261 640 424 730 κοσμήσας
447 643 480 708 δὲ
503 643 619 729 ταύτην
650 643 730 708 τιστὲ
753 648 878 726 adpraei
908 643 1089 732 κανηφόρου
1112 643 1280 710 θάσουσαν
1312 644 1358 722 εἰς
1381 643 1442 731 τὴν

262 747 442 838 άκρότιολιν
459 753 498 838 τῇ
515 748 661 819 Πολιάδι
678 749 818 840 Ἀθηνᾷ.
834 749 956 838 ταύτης
973 751 1009 820 δὲ
1025 750 1042 818 ὁ
1057 751 1183 839 Βορέας
1199 750 1318 834 ἄνεμος
1334 752 1441 840 ἐρασ-

262 860 340 930 θεὶς
360 853 474 926 λαθών
490 854 568 931 τούς
584 856 767 941 βλέποντας
782 861 837 925 καὶ
853 856 1081 946 φυλάσσοντας
1097 855 1155 945 τὴν
1170 855 1268 947 κόρην
1286 854 1440 947 ἥρπασεν.
1456 888 1468 925 5

262 967 317 1031 καὶ
341 966 536 1047 διακομίσας
560 965 610 1037 εἰς
628 962 758 1054 Θρᾴκην
781 973 929 1032 ποιεῖται
954 973 1097 1050 γυναῖκα.
1123 967 1265 1050 γίνονται
1292 965 1328 1034 δὲ
1351 962 1442 1050 αὐτῷ

264 1075 383 1144 παῖδες
413 1072 451 1145 ἐξ
478 1069 579 1158 αὐτῆς
602 1069 713 1159 Ζήτης
742 1074 796 1139 καὶ
822 1069 961 1149 Κάλαϊς,
992 1076 1028 1138 οἳ
1052 1075 1106 1138 καὶ
1138 1069 1183 1140 δι’
1212 1068 1330 1160 αἱρετὴν
1358 1069 1442 1155 μετά

263 1179 326 1244 τῶν
358 1178 508 1266 ἡμιθέων
539 1176 677 1268 (ἠϊθέων
708 1179 804 1245 Stura
839 1181 958 1246 collato
990 1181 1091 1244 schol.
1124 1179 1222 1244 Hom.
1253 1206 1276 1261 μ
1308 1184 1362 1266 69)
1393 1181 1442 1253 εἰς

264 1282 414 1366 Κόλχους
444 1287 503 1353 ἐπὶ
526 1284 563 1354 τά
594 1284 690 1359 νάκος
720 1285 882 1354 ἔπλευσαν
915 1288 948 1354 ἐν
977 1287 1018 1374 τῇ
1040 1284 1166 1374 Ἀργοῖ.
1201 1285 1220 1374 ἡ
1251 1287 1287 1355 δὲ
1312 1287 1441 1376 ἱστορία

265 1391 355 1481 τιαρά
377 1391 632 1481 Ἀκουσιλάῳ.
1458 1421 1483 1459 10

354 1518 560 1603 Quamquam
577 1521 699 1600 fabula,
721 1522 796 1586 siin
814 1523 999 1586 universam
1017 1527 1156 1605 spectes,
1181 1519 1263 1585 bene
1282 1520 1441 1600 sehabet,

265 1633 373 1691 tamen
391 1628 571 1692 cavendum
589 1635 648 1714 est,
672 1651 713 1692 ne
738 1635 841 1694 totam
859 1628 1009 1693 Acusilei
1027 1650 1097 1693 esse
1115 1628 1342 1695 concedamus.
1374 1626 1441 1691 Eli-

265 1734 397 1798 minatis
419 1736 460 1798 iis
485 1736 599 1800 scholii
614 1736 764 1818 partibus
788 1757 860 1819 quaa
885 1735 1016 1818 quidem
1034 1736 1075 1800 ad
1092 1737 1256 1819 vulgarem
1277 1735 1444 1818 pertinent

265 1839 408 1904 fabulam
440 1841 622 1926 quibusque
646 1841 796 1908 Acusilai
827 1844 1050 1908 testimonium
1083 1849 1246 1908 servatum
1277 1863 1348 1907 esse
1376 1841 1443 1905 veri

265 1968 330 2011 non
359 1955 409 2012 est
441 1949 558 2032 simile,
591 1950 652 2013 hoc
681 1957 810 2014 tantum
841 1956 955 2030 restat,
987 1949 1209 2014 Erechtheum
1240 1947 1442 2031 Orcithyiam

266 2052 364 2120 filiam
391 2063 581 2120 exornatam
606 2057 770 2140 quondam
794 2059 828 2120 in
852 2055 1035 2139 Acropolin
1058 2058 1196 2136 misisse,
1225 2063 1262 2120 ut
1284 2056 1443 2119 Minervae

266 2163 396 2226 Poliadi
421 2165 630 2229 sacrificaret.
665 2163 747 2228 Cum
772 2164 869 2229 huius
893 2164 1014 2229 fabulae
1037 2165 1141 2247 partis
1165 2185 1249 2227 unus
1268 2161 1443 2226 Acusilaus

266 2271 359 2334 testis
385 2269 586 2352 exhibeatur,
612 2293 683 2335 eam
708 2272 749 2336 ab
774 2280 907 2336 auctore
931 2278 1044 2336 nostro
1061 2271 1170 2335 fictam
1195 2291 1266 2334 esse
1290 2257 1443 2333 arbitror.

266 2376 315 2441 At
338 2377 400 2442 hae
424 2378 544 2442 fabulae
567 2378 672 2443 forma
695 2380 836 2461 scriptor
859 2379 1013 2443 dissensit
1036 2400 1056 2442 a
1079 2378 1249 2442 tritissima
1272 2376 1338 2456 illa,
1371 2397 1443 2458 quae

266 2483 489 2549 Erechtheum
518 2507 628 2568 regem
659 2488 693 2551 iu
716 2487 789 2570 ipsa
813 2508 888 2551 arce
921 2485 1030 2550 sedem
1064 2485 1244 2550 obtinuisse
1275 2483 1443 2549 narrabat.

266 2591 386 2675 ltaque
404 2593 614 2676 quaerendum
632 2601 691 2671 est,
716 2617 866 2677 quaenam
889 2594 988 2659 luerit
1004 2594 1111 2676 gravis
1134 2593 1191 2657 illa
1208 2613 1307 2658 causa
1323 2590 1443 2656 fabula

267 2699 441 2766 mutandae,
467 2697 598 2784 Optime
613 2700 770 2766 Welcker
779 2700 832 2786 116)
846 2699 1025 2784 Oreithyiae
1039 2721 1156 2764 nomen
1171 2683 1327 2782 explicari
1341 2698 1444 2780 suspi-

268 2813 361 2871 catus
375 2814 434 2872 est.
462 2808 546 2871 Haec
560 2810 732 2889 sententia,
746 2831 818 2892 quae
831 2809 904 2891 ipsa
917 2830 950 2873 se
965 2808 1061 2873 offert
1074 2816 1106 2872 et
1119 2827 1315 2891 magnopere
1329 2804 1443 2870 Acusi-

268 2912 353 2978 laum
380 2914 543 2996 significat
560 2916 694 2998 eiusque
710 2922 838 2980 naturae
855 2916 976 2979 rationi
993 2915 1128 2980 consilio
1152 2914 1291 2978 maxime
1309 2933 1444 2977 consen-

271 3026 366 3084 tanea
387 3027 446 3107 est,
467 3021 679 3086 confirmatur
696 3023 923 3105 Etymologico
936 3021 982 3086 M.
996 3045 1020 3086 s·
1034 3044 1062 3087 v.
1076 3012 1255 3105 Ὠρείθυιαε
1281 3017 1369 3104 παρὰ
1388 3017 1445 3105 τὴν

270 3118 334 3210 άρει
358 3125 483 3213 δοτικὴν
507 3128 561 3191 καὶ
584 3126 622 3191 τὸ
645 3127 720 3192 θύω
744 3126 781 3191 τὸ
805 3120 894 3211 άρμιῦ
917 3128 1090 3214 (Acusilao
1110 3128 1185 3191 θύω
1208 3134 1280 3192 erat
1302 3124 1444 3206 imm010‚

269 3235 440 3320 sacrifico),
465 3239 588 3318 γίνεται
613 3228 783 3320 ολρείθυια,
809 3236 877 3298 καιιῖ
903 3233 1031 3300 ἔκτασιν
1054 3243 1110 3298 τοῦ
1136 3259 1153 3298 ο
1176 3233 1223 3310 εἰς
1247 3232 1343 3318 canl)

358 3338 538 3425 Oreithyiae
563 3341 708 3409 aBorea
732 3350 835 3426 rapta
861 3351 893 3407 et
910 3343 1001 3408 Zetae
1019 3341 1194 3425 Calaisque
1219 3341 1260 3406 ab
1285 3340 1444 3406 Acusilao

270 3449 467 3513 mentionem
492 3471 563 3514 esse
587 3450 707 3515 saetam
731 3451 801 3514 iure
826 3449 1067 3530 concludemus,
1097 3450 1195 3514 immo
1219 3449 1304 3512 hanc
1327 3469 1444 3530 genea-

269 3555 388 3639 logiam
413 3555 553 3623 fortassc
578 3579 691 3622 ansam
720 3557 901 3640 praebuisse
925 3557 1069 3622 dicemus
1097 3556 1184 3620 illius
1208 3556 1327 3620 fabulae
1352 3577 1444 3620 enar-

269 3662 380 3728 randae
404 3663 457 3746 (cf.
482 3665 542 3749 frg.
568 3667 636 3746 30).

359 3807 403 3876 ¹²⁶)
423 3811 451 3859 A.
473 3812 502 3862 l).
522 3811 557 3859 lll
578 3826 603 3872 p.
624 3810 684 3869 147,
705 3810 730 3862 θ.
752 3839 785 3846 —-
806 3811 844 3860 Cs.
865 3810 930 3858 ibid.
951 3823 975 3872 p.
996 3809 1047 3862 154
1067 3823 1119 3870 ss3
1141 3810 1218 3871 llapp
1237 3823 1280 3870 ap.
1301 3809 1401 3856 Roscb.
1422 3821 1444 3854 s.

273 3900 372 3947 ltmcas
393 3914 418 3961 p.
437 3898 489 3953 812
509 3914 548 3960 a.;
569 3900 685 3949 Wiiruer
704 3915 747 3962 ap.
768 3901 869 3952 lloscli.
890 3915 912 3948 s.
934 3914 957 3947 r.
978 3897 1103 3951 01·.951.

359 3985 406 4054 ¹¹7)
427 3989 569 4038 Eiusmodi
583 3990 757 4052 etymologiae
767 3990 821 4038 ianr
830 3988 1034 4050 antiquissimis
1044 3988 1218 4050 temporibus
1232 3988 1445 4037 cataractarum

271 4079 304 4125 rt.
324 4092 366 4126 cx.
388 4092 425 4140 gr.
447 4079 525 4128 Hom.
552 4096 566 4129 τ
591 4077 643 4130 406
663 4093 701 4129 ss.
730 4079 793 4130 lles.
812 4077 860 4130 Th.
888 4076 940 4128 144
962 4091 983 4125 s.
1005 4075 1056 4128 207
1076 4091 1114 4127 ss
1134 4075 1184 4126 281
1206 4090 1261 4136 se.;
1282 4076 1380 4125 Aesclr.
1399 4075 1446 4137 hg.

270 4165 321 4217 687
336 4181 374 4218 ss.
390 4169 478 4216 l'rom.
492 4167 527 4220 85
541 4183 563 4217 a.
577 4167 638 4221 850.
661 4195 689 4202 -
711 4169 808 4230 Neque
821 4173 895 4215 certe
916 4168 1026 4216 t'ortuitc
1042 4167 1157 4215 formam
1177 4166 1204 4213 iu
1219 4163 1278 4214 θνα
1298 4169 1446 4213 excitatem

272 4258 314 4312 act.
336 4257 388 4306 Clt]
412 4257 444 4306 lV
462 4256 544 4321 8277)
570 4258 650 4306 nuliis
674 4257 803 4306 traditam
824 4270 888 4305 esse
908 4257 1072 4318 putaverim,
1097 4255 1200 4317 quippe
1224 4270 1287 4316 qua·
1309 4254 1389 4302 inultis
1409 4255 1448 4301 in·

271 4347 352 4402 dicct,
374 4345 521 4409 urotmyia·
536 4361 646 4401 tannen,
667 4348 742 4408 quod
757 4345 904 4394 brusilaus
924 4346 1082 4399 tradiderat,
1104 4361 1120 4392 a
1134 4345 1252 4406 postoris
1267 4345 1304 4392 ita
1317 4345 1447 4406 ‹aplanu-

271 4443 330 4484 tum
350 4451 422 4484 osso.
