3486 5116
787 442 1005 503 ..θν-

308 633 466 696 terminus
490 639 676 714 postquem
694 609 807 696 ultima
824 633 933 697 soeculi
951 636 1033 698 sexti
1058 635 1215 700 decennia
1233 637 1386 703 habenda
1410 648 1483 703 suut

308 740 348 822 (ν,
367 738 476 823 infra).
511 739 726 821 Angustiores
750 740 831 803 fines
856 741 950 805 nohis
975 742 1298 826 constituitloseph.
1324 767 1351 812 c.
1376 743 1441 829 Ap.
1467 747 1484 809 I

309 869 378 929 rap.
404 850 478 926 26
511 849 556 924 (et
582 868 621 909 ex
645 868 683 911 eo
707 847 827 910 Euseh.
861 869 960 930 praep.
988 869 1034 911 cv.
1060 849 1097 912 X
1122 853 1138 913 l
1164 871 1195 932 p.
1221 854 1286 916 478
1313 851 1404 935 ΑΒ);
1454 850 1482 914 οἱ

306 963 421 1036 μέντοι
439 952 499 1030 τὰς
517 951 666 1039 ἱστορίας
682 951 941 1040 ἐπιχειρήσαντες
961 955 1159 1043 συγγράφειν
1175 949 1375 1041 παρόότοῑς,
1399 960 1481 1043 λέγω

308 1061 338 1124 δὲ
364 1060 438 1137 τοὺς
454 1061 530 1145 περὶ
546 1058 674 1142 Κάδμον
694 1083 730 1124 τε
745 1058 800 1124 τὸν
823 1059 981 1147 Μιλήσιον
996 1063 1051 1126 καὶ
1067 1062 1121 1127 τὸν
1144 1055 1290 1147 ’Λργεῑον
1313 1056 1482 1131 Ἀκοοοί-

307 1169 411 1245 λαον,
435 1169 489 1232 καὶ
512 1167 593 1249 μετὰ
611 1175 724 1232 τοῦτον
747 1165 779 1232 εί
799 1191 884 1244 τινες
898 1161 991 1233 ἄλλοι
1013 1170 1159 1253 λέγοντες
1175 1175 1339 1254 γενέσθαι,
1362 1172 1482 1257 βραχὺ

309 1284 372 1360 τῆς
395 1283 549 1361 Περοιῦν
573 1273 637 1339 ἐπὶ
661 1273 727 1360 τὴν
748 1266 908 1338 ίΕλλάδα
925 1280 1132 1360 στρατείας
1155 1285 1206 1362 τῷ
1227 1277 1349 1364 χρόνῳ
1366 1273 1482 1364 προί-

306 1382 429 1462 ί.αβον.
459 1380 562 1464 Quem
588 1396 694 1446 tamen
714 1382 819 1446 loonru
843 1404 908 1446 non
932 1384 978 1447 ita
995 1385 1294 1466 interpretabimur,
1320 1393 1356 1449 ut
1381 1409 1420 1448 ex
1444 1407 1481 1449 eo

307 1490 482 1570 eliciamus,
508 1488 698 1552 Acusilaum
715 1489 824 1570 paullo
849 1496 924 1554 ante
941 1511 1061 1554 annum
1086 1493 1150 1554 480
1168 1493 1346 1574 scripsisse.
1376 1492 1481 1556 [mmo

307 1596 448 1678 Iosepho
481 1596 542 1659 hoc
575 1618 694 1660 annum
724 1599 789 1659 480
821 1595 908 1678 quod
942 1596 1115 1660 vernaculo
1148 1619 1296 1662 sermone
1328 1621 1481 1664 vocamus

309 1703 580 1786 „l·]p0chenjahr“
615 1703 713 1767 fuisse
745 1703 874 1766 videtur
904 1705 1002 1784 (sicut
1033 1705 1128 1767 etiam
1154 1704 1313 1788 Dionysio
1338 1728 1366 1770 a.
1393 1708 1478 1788 431).

308 1812 474 1892 Antiquos
499 1811 583 1874 enim
608 1810 823 1892 chronologus
848 1810 979 1892 quidam
1004 1811 1157 1892 (fortasse
1176 1813 1414 1878 Eratosthenes
1430 1812 1481 1876 vel

308 1917 531 2000 Apollodorus
554 1917 782 2002 Atheniensis)
811 1914 1005 1981 Acusilanm
1029 1918 1175 2000 aliosque
1200 1918 1373 1984 historicos
1398 1921 1481 1984 anti-

306 2026 447 2106 quiores
478 2046 615 2108 quorum
641 2032 720 2089 oetas
743 2045 808 2088 non
833 2023 929 2106 plane
955 2024 1089 2088 delinita
1114 2032 1193 2104 erat,
1219 2034 1343 2090 certum
1366 2027 1399 2089 in
1424 2048 1480 2090 an-

306 2154 381 2194 uum
407 2133 534 2196 rettulit
563 2133 638 2215 (hoc
662 2133 746 2196 enim
778 2130 840 2195 fuit
864 2131 1135 2213 chronologorum
1168 2139 1314 2196 veterum
1347 2155 1480 2197 consue-

304 2239 408 2321 tudo).
439 2238 532 2303 Nihil
555 2239 655 2323 igitur
678 2260 717 2302 ex
734 2237 868 2321 Iosephi
890 2237 962 2302 loce
986 2238 1181 2302 concludere
1205 2238 1282 2303 licet
1306 2240 1368 2303 nisi
1393 2240 1480 2322 qnod

305 2346 502 2430 chronologo
532 2347 587 2410 illo
619 2346 725 2410 indice
750 2344 927 2410 Acusilans
957 2346 1051 2409 initio
1082 2344 1193 2410 saeouli
1224 2346 1329 2428 quinti
1352 2346 1479 2428 tloruit3

306 2475 407 2535 rurore
439 2462 606 2518 auctorem
637 2461 784 2518 nostrum
814 2452 1022 2516 Herodotum
1059 2453 1274 2517 antecessisse
1309 2474 1374 2516 uon
1411 2453 1478 2517 sine

305 2562 393 2642 gravi
420 2581 519 2625 causa
542 2560 677 2625 iudices.
724 2560 841 2643 Neque
872 2566 1043 2643 repugnat,
1074 2561 1172 2622 immo
1204 2559 1376 2624 confirmat
1399 2560 1479 2623 iudi-

305 2671 389 2731 cium
428 2668 561 2751 Ioseph.
589 2690 632 2733 c.
667 2668 732 2750 Ap.
764 2667 783 2729 Ι
814 2689 883 2748 cap.
918 2670 953 2730 3:
1093 2664 1259 2747 διδάσκων,
1302 2659 1371 2730 lico
1412 2665 1479 2747 μὲν

303 2767 521 2852 Ἑλλάνικος
553 2768 791 2858 Ἀκουσιλάῳ
826 2773 915 2858 περὶ
951 2781 1024 2837 τῶν
1054 2774 1310 2858 γενεαλογιιῦν
1345 2772 1478 2838 διαπε-

306 2881 492 2970 φιόνηκεν,
517 2877 577 2946 licor
601 2881 633 2946 δὲ
657 2881 847 2966 διορθοῦται
879 2879 934 2944 τόν
957 2878 1101 2944 Ἡσίοδον
1122 2872 1335 2958 Ἀκουσίλαος,
1366 2864 1395 2968 ἢ
1408 2883 1478 2945 τίνα

304 2990 425 3073 τρόπον
442 2983 584 3077 Ἔφορος
599 2989 657 3071 μὲν
671 2981 852 3053 Ἑλλάνικον
872 2985 904 3053 ἐν
919 2999 989 3064 τοῖς
1000 2988 1168 3064 πλείστοις
1185 2985 1381 3070 ψευδόμενον
1405 2985 1478 3051 ἐπι-

305 3097 469 3177 δείκνυσιν,
487 3090 627 3184 ’Ἐφορον
650 3095 682 3160 δὲ
702 3100 833 3178 Τίμαιος
857 3096 911 3159 καὶ
939 3099 1072 3176 Τίμαιον
1095 3093 1126 3158 ολ
1150 3086 1220 3176 μετ’
1245 3091 1363 3158 ἐκεῖνον
1385 3117 1478 3179 γεγο-

304 3205 401 3287 νότες,
425 3198 590 3290 Ἡρόδοτον
613 3203 646 3267 δὲ
661 3202 789 3278 πάντες.
826 3203 1033 3266 Hellanioum
1050 3203 1150 3284 igitur
1173 3204 1281 3283 (quem
1301 3223 1348 3266 ca.
1366 3223 1394 3266 a.
1414 3205 1477 3264 454

304 3321 415 3378 natum
434 3335 504 3378 csse
520 3312 644 3376 iudicat
660 3311 701 3378 U.
720 3311 760 3374 de
776 3307 1056 3388 Wilamowitz1⁶⁶l
1079 3317 1153 3391 post
1170 3307 1362 3372 Acusilaum
1379 3309 1478 3389 scrip-

304 3423 384 3486 sisse
408 3425 546 3502 apparet
570 3441 608 3483 ex
633 3419 803 3482 sententiae
828 3418 954 3481 ratione
978 3423 1076 3498 atque
1102 3423 1256 3480 contextu

394 3526 594 3609 Scriptorum
627 3527 727 3608 igitur
749 3525 810 3588 loci
842 3545 902 3588 nos
927 3528 1071 3587 statuere
1105 3522 1289 3586 concedunt
1313 3529 1476 3585 auctorem

303 3636 407 3718 primo
433 3634 550 3700 saecnlo
575 3634 688 3716 quinto
712 3631 871 3696 floruisse.
917 3629 1011 3694 Idem
1040 3630 1188 3712 sequitur
1212 3651 1251 3692 ex
1275 3628 1475 3710 fragmentis.

303 3743 355 3805 Ex
378 3741 439 3824 frg.
465 3746 505 3806 27
540 3741 706 3805 evidenter
730 3743 877 3823 apparet,
910 3736 1103 3801 Acusilaum
1127 3736 1214 3800 illam
1241 3734 1415 3800 Coronidis
1432 3735 1478 3797 fa-

304 3850 412 3915 bulam
428 3872 493 3914 non
511 3856 586 3914 aute
604 3870 725 3912 anuum
741 3850 805 3910 474
820 3846 987 3928 scripsisse
999 3845 1077 3928 (quo
1090 3865 1176 3908 anno
1194 3865 1324 3908 carmen
1341 3842 1477 3905 Pindari

303 3955 400 4041 Pyth.
414 3955 472 4019 ΙΙΙ
480 3957 514 4018 in
526 3955 691 4038 publicum
704 3951 892 4036 prodiit¹⁶³).
919 3951 1015 4035 Quod
1025 3949 1234 4015 confirmatur
1243 3952 1340 4013 etiarn
1351 3949 1410 4030 frg.
1423 3951 1473 4011 36.

303 4064 381 4147 Frg.
407 4065 465 4127 33:
491 4061 713 4127 Stesichorum
730 4082 778 4124 ca.
797 4083 825 4125 a.
842 4060 1017 4123 ele-550
1034 4056 1183 4121 floruisse
1200 4056 1313 4121 dicunt
1330 4057 1477 4119 homiues

303 4169 400 4235 docti.
446 4169 559 4234 Facile
584 4191 623 4232 ex
648 4190 685 4232 eo
710 4175 821 4232 noster
843 4166 975 4229 haurire
999 4171 1138 4248 poterat.
1171 4201 1208 4210 -
1242 4163 1341 4246 Frgg.
1376 4168 1389 4226 l
1422 4166 1475 4225 16:

303 4277 408 4358 Plato,
427 4298 522 4358 quem
547 4280 644 4341 427-
659 4278 721 4339 347
747 4275 863 4338 vixisse
888 4277 1026 4350 constat,
1052 4271 1200 4336 Acusilai
1225 4292 1306 4352 opus
1331 4271 1430 4332 novit.

392 4399 436 4464 ¹⁶⁰)
458 4405 548 4452 Herm.
570 4401 685 4454 X1294.

392 4489 437 4560 ¹⁶⁷)
457 4489 571 4543 Sitzber.
591 4489 617 4541 d.
637 4489 709 4542 Berl.
729 4488 783 4540 Ak.
805 4489 872 4542 1901
891 4505 917 4554 p.
938 4486 1008 4541 1296
1028 4501 1048 4535 s·
