3486 5116
728 387 948 491 -31-

336 620 376 685 16
399 620 613 704 Mycenarum
642 622 737 687 domo
762 624 852 706 regia
875 644 1059 705 versamur3
1091 622 1301 687 antecedenti
1324 623 1426 705 igitur

247 727 429 810 fragmento
453 729 515 793 hoc
539 737 761 794 annectamus.

337 908 436 993 Frg.
460 906 514 977 25
538 906 660 993 (22)=
685 908 769 990 Apol
757 908 831 975 11.αδ
857 910 998 974 111156

338 1059 428 1132 ὅδὲ
417 1065 558 1144 Ασαννεὸς
573 1065 721 1150 ποταμὸς
743 1058 889 1132 Ωκεανοῦ
910 1068 964 1132 καὶ
984 1065 1122 1154 Τηθύος,
1148 1059 1192 1144 aig
1208 1067 1242 1132 δὲ
1262 1063 1388 1132 {laona
1396 1072 1426 1133 1-

246 1175 337 1251 λαος
364 1175 458 1259 λέγει,
483 1183 608 1262 Πηροῦς
630 1176 685 1239 καὶ
708 1175 918 1253 Πσσειδιῦνσς,
945 1167 988 1252 ὡς
1012 1174 1044 1239 δέ
1067 1199 1160 1252 τινες,
1187 1173 1266 1252 Διὸς
1289 1175 1344 1239 καὶ
1360 1166 1427 1240 Εὗ-

247 1306 394 1368 ρσνσμρς.

336 1440 464 1507 Auctor
499 1443 732 1525 antiquissimas
764 1443 869 1526 Asopi
902 1443 1100 1526 genealogiae
1136 1443 1230 1507 testis
1262 1442 1426 1506 landatur.

246 1548 321 1612 Hoc
345 1556 481 1614 stemma
505 1549 582 1614 alibi
613 1572 679 1614 non
703 1549 875 1634 163116176)
922 1549 1060 1614 Iamiam
1091 1571 1199 1614 nonne
1226 1557 1276 1613 est
1307 1549 1427 1632 signifi-

247 1656 478 1736 cantissimum,
496 1656 584 1738 quod
595 1655 773 1721 Acusilaus
785 1658 861 1721 huic
872 1658 935 1741 ipsi
951 1656 1060 1742 fluvio,
1076 1657 1132 1739 qui
1149 1662 1289 1721 catervae
1303 1654 1427 1720 Oceani

247 1761 460 1844 Thetidisque
478 1762 654 1827 liberorum
677 1765 710 1827 in
734 1764 905 1829 Hesiodi
928 1763 1127 1846 Theogoniae
1143 1785 1240 1828 versu
1258 1767 1320 1828 337
1340 1761 1427 1846 ss.⁷⁷)

248 1877 512 1934 enumeratorum
548 1869 673 1955 deest,
708 1872 875 1954 proprium
911 1878 1018 1935 ortum
1051 1871 1251 1954 assignavit?
1297 1868 1428 1934 Auctor

246 1983 302 2040 aut
325 1984 393 2040 tam
417 1984 489 2041 arte
520 1977 602 2041 fonti
627 2000 685 2042 suo
717 1999 787 2042 sese
818 1979 1003 2062 applicavit,
1035 1985 1071 2042 nt
1094 1976 1225 2042 illorum
1256 1976 1427 2040 fluviorum

246 2105 416 2148 numerum
439 2085 573 2149 turbare
590 2084 692 2149 nollet
711 2085 851 2168 ideoque
867 2087 1034 2169 propriam
1057 2085 1218 2148 inveniret
1242 2084 1427 2167 prosapiam

246 2190 369 2255 autad
393 2199 531 2256 stemma
547 2192 678 2274 aliquod
697 2192 934 2257 conficiendum
958 2194 1004 2256 ita
1027 2193 1183 2277 narravit,
1208 2192 1329 2274 qnippe
1353 2212 1427 2255 cum

246 2297 380 2382 Asopus
404 2321 522 2381 magno
538 2298 678 2363 filiarum
696 2322 831 2365 numero
847 2299 1170 2382 praeclarissimorum
1193 2297 1347 2362 Helladis
1370 2297 1427 2361 he-

246 2426 338 2469 roum
355 2405 478 2470 abavus
495 2405 601 2470 factus
618 2407 668 2485 sit,
694 2408 857 2490 praecipue
881 2408 914 2469 in
939 2406 1058 2470 fabulis
1076 2403 1236 2488 Sicyoniis
1261 2404 1333 2489 (frg.
1355 2403 1426 2489 121)

246 2511 448 2594 Aegineticis
473 2513 647 2577 Thebaicis
672 2513 723 2596 (61.
750 2513 977 2579 Preller-Rob.
1003 2513 1025 2582 l.
1049 2513 1069 2576 l.
1095 2536 1126 2596 p.
1152 2513 1242 2598 550).
1281 2512 1427 2577 Necesse

246 2620 346 2702 igitur
368 2641 434 2683 non
459 2627 509 2684 est
526 2619 718 2685 Acusilaum
743 2621 887 2686 fabulam
905 2620 1041 2706 Aeginae
1067 2621 1107 2684 ab
1125 2619 1205 2685 Iove
1226 2626 1330 2703 rapta
1354 2640 1428 2684 nar-

246 2749 347 2792 rasse.

335 2851 421 2916 Item
446 2852 488 2916 ad
513 2852 709 2936 Argivorum
734 2876 787 2918 res
811 2853 978 2937 pertinent

628 3058 880 3152 Ἡρακλειδῶν
903 3065 1044 3152 param)

334 3246 434 3331 Frg.
458 3246 517 3310 26
543 3245 663 3330 (20)Ξ
687 3246 836 3327 Apono
861 3247 985 3312 1191

328 3401 437 3490 Ἐβδσρ
439 3430 486 3471 ισν
522 3404 674 3483 ἐπέταξεν
709 3398 973 3492 (6611(Ηρακλεῑ
1003 3397 1209 3492 Εὐρυσθεὺς)
1240 3392 1345 3468 ἆθλον
1373 3401 1429 3467 τὸν

245 3521 354 3599 Κρῆτα
377 3505 510 3598 δγαγεῑν
530 3521 655 3599 ταῦρον.
680 3522 793 3579 τοῦτον
812 3506 1056 3589 Ἀκουσίλαος
1078 3512 1137 3595 μὲν
1161 3509 1244 3576 εἶναι’
1269 3530 1350 3598 φησι
1372 3507 1428 3574 τὸν

244 3619 556 3707 διαπορθμεύσαντα
585 3613 746 3709 Εὐρώπην
772 3625 838 3704 Διί,
870 3621 954 3698 τινὲς
984 3620 1017 3685 δὲ
1046 3619 1102 3685 τὸν
1129 3612 1194 3685 viad
1227 3617 1428 3692 Ποσειδῶνος

244 3719 447 3792 ἀναδοθέντα
471 3725 505 3792 ἐκ
529 3728 709 3816 θαλάσσης,
734 3723 788 3794 ὅτε
811 3729 1013 3794 καταθύσειν
1029 3726 1208 3792 Ποσειδῶνι
1226 3729 1335 3801 Μίνως
1355 3719 1429 3788 elne

244 3833 282 3900 τὸ
311 3834 410 3922 φανὲν
434 3832 468 3900 ἐκ
492 3843 548 3920 τῆς
571 3835 751 3924 θαλάσσης.

335 4103 1428 4169 ⁷armssslalpauunmvmfflmnmmnammmumummvmo

245 4192 1265 4260 mmmfflfflmmfflwmmssfflmAEQffimmmt

334 4283 365 4349 77)
386 4286 474 4345 Quem
494 4288 586 4336 locum
606 4287 766 4335 ,1666116661
787 4291 915 4336 secutum
935 4299 999 4333 esso
1019 4288 1134 4346 apparet
1152 4296 1187 4330 ex
1208 4281 1256 4344 lrg.
1276 4281 1300 4334 7.

334 4373 367 4433 ⁷⁸)
389 4376 426 4426 Cf.
448 4378 540 4430 Horat.
562 4378 610 4439 lrg.
630 4373 682 4426 344
703 4390 741 4426 ss.
