3486 5116
732 432 953 492 „ffl-

341 621 451 688 Suidae
468 624 593 707 glossas
610 623 705 687 modo
730 623 847 688 allatas
865 623 1047 688 discindere
1071 645 1143 688 meo
1161 625 1292 706 quidem
1308 625 1428 689 iudicio

250 754 315 796 non
339 732 431 815 licet3
461 731 613 795 nimirum
645 731 731 794 enim
753 730 939 795 tabularum
964 751 1139 797 aerearum
1171 732 1283 796 fabula
1312 732 1427 815 praef-

252 839 373 903 tionem
399 839 528 902 ornavit
544 839 652 921 operis
676 860 696 902 a
719 838 903 921 posteriore
922 837 1063 920 quodam
1081 837 1217 902 Daretis
1234 838 1428 922 Dictyisque

252 966 342 1009 more
365 943 443 1009 ficti.
492 943 528 1010 Si
551 966 628 1009 vero
660 946 732 1026 quis
756 944 789 1007 id
813 931 962 1027 premere
988 944 1074 1023 velit,
1105 942 1298 1009 Acusilanm
1321 946 1426 1028 ipsum

250 1052 341 1118 illam
363 1052 551 1116 tabularum
574 1051 718 1116 fabulam
742 1052 775 1114 in
799 1051 957 1115 librorum
981 1072 1112 1115 suorum
1136 1051 1328 1134 praefatione
1352 1074 1426 1117 nar-

251 1179 341 1223 rasse
352 1157 407 1244 185)
437 1157 567 1223 atinde
593 1159 810 1240 suspicionem
841 1164 1048 1240 posterorum
1073 1165 1178 1222 ortanr
1204 1179 1284 1236 csse,
1319 1159 1348 1223 ei
1372 1159 1428 1223 ob-

251 1266 443 1330 vertendum
469 1272 526 1341 est,
551 1265 613 1329 hoc
636 1265 687 1329 vel
710 1264 783 1329 ideo
808 1264 880 1328 fieri
903 1286 968 1329 non
994 1265 1139 1347 potuisse
1157 1265 1244 1348 qnod
1270 1266 1429 1330 eiusmodi

252 1372 497 1437 historiunculae
520 1393 586 1436 non
610 1377 686 1436 ante
703 1369 829 1452 IVJIII
853 1393 881 1434 a.
908 1369 986 1436 Olrr.
1011 1394 1043 1434 n.
1070 1372 1223 1436 saeculum
1249 1373 1428 1454 deprehen·

251 1480 408 1544 derentur
432 1475 750 1564 (Euhemerus!),¹³⁶)
780 1479 878 1542 immo
910 1478 1087 1561 scriptores
1118 1478 1247 1543 demum
1279 1479 1428 1544 historia·

251 1608 321 1650 rum
356 1607 503 1650 amorum
527 1585 665 1650 fabellas
696 1586 932 1649 continentium
956 1585 995 1649 iis
1028 1585 1076 1648 uti
1100 1585 1254 1650 solerent.
1301 1586 1427 1652 Videas

252 1713 362 1776 quaeso
387 1715 484 1776 quam
501 1692 607 1774 aliter,
631 1714 750 1775 magna
767 1693 891 1757 scilicet
907 1693 1107 1757 conscientia
1124 1700 1167 1775 et,
1192 1701 1229 1756 ut
1247 1694 1295 1757 ita
1311 1693 1427 1774 dicam,

251 1801 467 1865 admiratione
496 1801 547 1864 sui
569 1799 747 1864 Hecataeus
771 1798 920 1863 Acusilai
951 1800 1019 1863 fere
1053 1799 1188 1882 aequalis
1220 1821 1302 1882 opus
1333 1823 1427 1865 suum

250 1906 385 1988 incipiat
396 1906 470 1991 (frg.
481 1903 748 1989 332);Ἑκαῑαῑος
757 1903 929 1992 Μιλήσιος
944 1895 1007 1973 ὦδε
1020 1913 1191 1986 μυθεῖται·
1208 1905 1287 1974 ’τάδε
1302 1904 1429 1994 γράφω,

250 2009 296 2086 ὥς
312 2036 369 2094 μοι
393 2009 522 2099 ἀληθέα
544 2012 649 2080 δοκέει
671 2007 766 2080 εἶναι·
783 2012 814 2079 oi
831 2010 890 2098 γάρ
905 2011 1067 2100 Ἑλλήνων
1081 2011 1173 2097 λόγοι
1191 2013 1306 2080 πολλοί
1322 2018 1427 2082 τεκαὶ

251 2119 381 2204 γελοῖοι,
407 2117 451 2194 ὠς
475 2121 549 2202 ἐμοὶ
572 2121 756 2208 φαίνονται,
780 2120 874 2187 εἰσίν.
915 2121 990 2185 Hoc
1014 2120 1142 2184 initium
1167 2119 1316 2185 fortassis
1339 2119 1428 2186 Acu-

251 2227 323 2290 silai
347 2249 476 2310 quoque
494 2228 602 2310 operis
624 2228 701 2293 fuit:
725 2223 944 2301 Ἀκουσίλεως
968 2227 1023 2313 (cf.
1047 2223 1348 2312 frg.1¹)'Aoyetoc
1372 2228 1425 2310 (of.

252 2356 283 2417 p.
310 2336 350 2398 64
376 2333 415 2420 s.)
441 2322 504 2401 ὧδε
527 2342 698 2418 μυθεῖται.

339 2441 458 2523 Itaque
483 2463 523 2506 ex
546 2443 665 2507 veteris
689 2442 777 2508 illius
794 2441 943 2506 Acusilai
958 2441 1151 2525 praefatione
1175 2441 1260 2506 hanc
1281 2441 1426 2506 fabulam

249 2556 353 2613 ortam
386 2570 457 2613 esse
488 2571 554 2614 non
586 2560 636 2615 est
666 2571 724 2614 cur
755 2551 965 2633 suspicemur.
1013 2547 1106 2632 Opus
1137 2548 1299 2613 fabricare
1330 2548 1427 2632 quale

250 2654 433 2738 fragmenta
456 2657 550 2722 nobis
568 2663 698 2722 servata
713 2656 867 2737 indicent,
893 2657 1024 2720 omnino
1041 2661 1248 2738 posterorum
1272 2655 1354 2720 nihil
1376 2656 1424 2722 in-

250 2769 373 2828 teresse
402 2769 545 2846 poterat:
577 2765 664 2847 quod
693 2765 798 2846 ipsum
834 2763 1092 2848 fragmentorum
1123 2763 1353 2828 auctoritatem
1378 2770 1426 2829 at-

250 2891 312 2952 que
336 2869 434 2934 fidem
457 2871 596 2954 probare
620 2871 699 2935 mihi
723 2870 861 2937 videtur.
905 2870 1049 2934 Nomina
1071 2874 1199 2933 tanturn
1223 2876 1369 2935 veterum
1392 2872 1426 2935 in

249 2999 343 3041 usum
369 2977 604 3042 convertebant
627 2977 837 3042 recentiores

251 3125 255 3130 -
339 3082 425 3148 Sane
447 3091 614 3150 auctorem
632 3084 796 3167 quendam
812 3083 962 3148 Acusilai
986 3105 1129 3167 persona
1144 3083 1260 3148 induta
1276 3084 1427 3150 fabulosa

249 3191 481 3273 conscripsisse
506 3191 608 3255 libere
633 3191 825 3274 concedam3
850 3191 1039 3274 descripto
1064 3192 1190 3255 auctori
1213 3198 1327 3257 nostro
1352 3192 1426 3256 sub-

249 3298 317 3362 dito
341 3299 393 3380 agi
416 3298 488 3381 ipsa
511 3299 568 3362 illa
591 3298 778 3364 tabularum
802 3319 978 3363 aeneorum
1010 3297 1122 3362 fabula
1146 3297 1359 3382 comprobare
1383 3299 1427 3363 vi-

249 3405 346 3469 detur
375 3404 431 3488 (cf.
457 3404 561 3491 Diels,
594 3404 751 3471 Vorsclrr.
786 3428 817 3488 p.
844 3409 918 3489 510,
953 3406 1019 3488 27).
1066 3403 1267 3470 Huiusmodi
1301 3405 1426 3489 subjec-

248 3513 354 3576 tiones
382 3511 612 3577 usitatissimas
640 3512 740 3576 fuisse
764 3514 851 3577 inter
883 3533 995 3576 omnes
1020 3519 1150 3577 constat
1180 3533 1286 3594 neque
1311 3512 1425 3577 talium

248 3617 558 3682 historiuncularum
582 3619 725 3702 imperiti
750 3626 845 3683 erant
868 3619 1003 3684 falsarii.

336 3723 378 3788 In
402 3725 592 3808 quaestione,
625 3748 701 3790 num
735 3726 917 3808 fragmenta
945 3727 1039 3790 nobis
1072 3732 1202 3790 servata
1233 3727 1343 3790 omnia
1375 3727 1426 3791 vel

247 3831 405 3896 nonnulla
436 3853 547 3896 eorum
572 3855 649 3897 vero
674 3833 864 3916 abroganda
893 3834 957 3897 sint
980 3832 1149 3913 Acusilao‚
1182 3833 1276 3897 valde
1302 3834 1426 3898 dissen-

338 4018 382 4084 1³5)
403 4023 441 4071 Cf.
460 4023 596 4082 Welcker‚
618 4024 671 4072 Der
690 4037 733 4085 ep.
753 4023 831 4087 Kykl.
852 4039 877 4086 p.
898 4022 959 4084 161,
982 4023 1042 4074 217.

336 4106 381 4174 1³⁶)
400 4112 461 4160 Non
481 4117 544 4161 ante
564 4112 730 4172 secundum,
757 4113 826 4161 dixit
845 4113 950 4174 Rohde‚
980 4113 1033 4162 Der
1052 4112 1154 4176 griech.
1175 4113 1252 4162 Rom.
1272 4127 1298 4175 p.
1318 4111 1379 4173 272,
1409 4111 1426 4163 2

247 4205 345 4249 contra
373 4201 552 4262 llerchernrn‚
581 4201 621 4250 Jb.
650 4203 666 4251 f.
687 4201 784 4251 Philol.
805 4202 900 4265 Suppl.
921 4203 931 4250 l
953 4217 979 4265 p,
1001 4201 1054 4252 278
1077 4202 1179 4271 adnot,
1196 4201 1244 4265 qui
1267 4202 1425 4252 tabularum

247 4289 423 4339 inventarum
450 4289 572 4339 fabulam
599 4304 655 4339 non
682 4294 746 4339 ante
774 4291 895 4353 primunr
914 4305 940 4353 p.
960 4291 1022 4341 Chr.
1042 4304 1067 4340 n.
1089 4291 1226 4358 saeculum
1254 4291 1425 4354 deprehendi

250 4383 401 4439 putaverat.
