3486 5116
786 463 1005 524 ..pg-

309 654 427 730 dinem,
454 676 519 737 qua
543 675 616 718 cum
639 652 788 719 Hesiodo
813 652 944 720 Boeotio
974 661 1088 720 noster
1112 655 1303 720 coniunctus
1326 663 1407 736 erat,
1435 677 1489 722 ex·

307 761 455 846 plicaret.
519 758 592 844 Quo
632 761 817 826 accuratius
852 782 890 826 ac
929 762 1098 827 verbosius
1138 763 1306 845 scriptoris
1345 765 1486 847 patriam

308 867 505 952 proferebat,
524 889 563 933 eo
588 867 716 954 dignior
739 867 804 933 fide
828 883 899 934 esse
925 867 986 933 sibi
1012 869 1192 939 videbatur.
1239 868 1358 953 Itaque
1387 871 1488 935 mani·

309 975 428 1040 festum
461 981 520 1059 est,
554 973 689 1041 Suidam
721 976 774 1040 rel
804 976 875 1040 eius
902 974 1024 1040 fontem
1056 975 1109 1040 hio
1133 975 1197 1040 duo
1222 975 1310 1040 dicte
1333 978 1488 1042 contami-

307 1103 420 1148 nasse:
443 1081 568 1147 falsarii
591 1081 736 1146 fabulam
761 1082 801 1147 de
818 1082 967 1148 Acusilai
990 1083 1097 1166 patria
1121 1081 1231 1148 fictam
1248 1090 1280 1148 et
1305 1071 1486 1167 antiquitus
1565 1124 1568 1128 -

311 1188 392 1253 illud
428 1188 585 1254 traditum
619 1179 824 1276 npezogstffi)
871 1187 1090 1273 Quamobrem
1123 1189 1373 1274 lexicographus
1408 1213 1486 1275 quo-

308 1317 371 1378 que
403 1295 561 1361 vocabulo
592 1286 730 1381 Ἀργεῖος
760 1295 825 1360 fixa
855 1295 960 1362 forma
991 1297 1024 1361 in
1055 1298 1239 1362 litterarum
1268 1298 1485 1364 monumentis

308 1403 489 1486 antiquitus
521 1409 651 1468 servato
687 1410 720 1469 et
755 1425 794 1468 ex
828 1403 900 1486 ipso
935 1402 1086 1468 Acusilai
1122 1425 1219 1487 opere
1254 1404 1395 1470 fortasse
1430 1405 1486 1469 de-

309 1515 460 1593 prompto
491 1500 705 1592 (Ἅκουσίλεως
722 1503 860 1595 Ἀργεῖος
894 1499 955 1575 ὧδε
984 1514 1152 1592 μυθεῖται,
1183 1510 1223 1575 cf.
1256 1533 1288 1594 p.
1321 1513 1376 1594 61)
1408 1533 1486 1576 usus

311 1623 362 1680 est
385 1637 501 1700 neque,
533 1616 622 1700 quod
652 1617 755 1700 magis
779 1617 954 1699 arrisisset,
987 1617 1069 1683 dixit
1098 1607 1159 1682 ἄπ’
1176 1610 1304 1703 Ἄργους
1326 1625 1382 1704 τῆς
1405 1626 1486 1702 Κερ-

309 1721 406 1799 κάδος
439 1723 491 1788 vel
526 1724 629 1788 simile
662 1724 751 1806 quid.
783 1724 851 1789 Res
882 1731 948 1789 tam
980 1723 1154 1790 manifesta
1186 1731 1245 1807 est,
1281 1733 1318 1791 ut
1349 1725 1487 1790 Acusi-

309 1830 412 1894 laum
436 1828 564 1914 Argos
589 1830 855 1914 Peloponnesi
878 1831 1047 1914 patriam
1070 1832 1294 1897 nominasse
1311 1852 1377 1896 non
1394 1830 1486 1896 dubi·

309 1944 374 2002 tem
403 1938 626 2021 pronuntiare,
663 1939 845 2022 praesertim
875 1959 947 2003 eum
976 1961 1015 2002 ex
1043 1937 1233 2021 fragmentis
1264 1946 1387 2022 pateat,
1413 1961 1485 2004 eum

308 2042 506 2128 Argivorum
541 2043 640 2110 rebus
674 2045 805 2131 (nempe
837 2045 921 2132 Argi
953 2045 1242 2130 Peloponnesiaci)
1265 2046 1414 2129 inprimis
1437 2046 1484 2110 la·

308 2171 403 2216 visse.

398 2274 480 2359 Quae
505 2298 578 2342 cum
602 2278 650 2343 ita
673 2278 738 2342 sint
762 2278 849 2343 haud
866 2300 959 2343 secus
983 2299 1051 2342 rem
1076 2299 1110 2342 se
1134 2277 1255 2342 habere
1280 2278 1428 2360 suspicor
1451 2279 1484 2341 in

308 2383 411 2466 patris
427 2385 556 2449 nomine
573 2384 689 2449 allato:
714 2383 812 2467 Diog.
833 2385 946 2450 Laert.
964 2385 1056 2449 141:
1076 2434 1127 2448 ...
1146 2381 1226 2449 ἔνιοι
1245 2388 1486 2469 προστιθέασιν

302 2482 503 2555 Ἀκουσίλαον
531 2489 637 2574 Κάβα
659 2486 679 2578 ἢ
732 2489 882 2578 Σκάβρα
910 2483 1069 2578 Ἀργεῖον.
1117 2490 1207 2560 Suid.
1233 2515 1257 2557 s.
1283 2515 1311 2557 v.
1336 2482 1485 2556 Ἀκουσί-

307 2597 397 2674 long:
434 2594 542 2680 Κάβα
567 2596 644 2677 υἱός,
669 2589 816 2683 Ἀργεῖος
915 2599 1112 2664 Necessario
1137 2598 1396 2663 concludendum
1425 2606 1484 2678 est,

308 2712 366 2770 aut
390 2703 525 2770 Suidam
551 2704 585 2790 (i.
612 2727 639 2771 e.
665 2706 734 2770 eius
750 2704 887 2779 ionteml
912 2727 951 2770 ex
971 2704 1122 2788 Diogene
1147 2706 1294 2770 hausisse
1320 2711 1377 2771 aut
1408 2727 1485 2769 eun-

309 2809 381 2874 dem
403 2811 526 2876 fontem
549 2812 589 2876 iis
614 2811 748 2877 subesse
772 2820 908 2896 propter
931 2812 1076 2878 locorum
1101 2810 1355 2880 similitudinem.

396 2944 468 3010 Iam
493 2945 650 3011 Welclrer
682 2945 807 3012 Oabam
837 2952 965 3031 patrem
997 2969 1016 3012 a
1048 2947 1169 3011 seriore
1202 2946 1343 3029 quodam
1374 2947 1483 3012 fiotum

309 3073 381 3118 esse
398 3053 582 3135 suspicatus
599 3059 681 3138 eret,
705 3055 760 3137 qui
782 3075 854 3118 eum
872 3074 989 3118 novum
1007 3074 1088 3136 opus
1113 3054 1173 3118 sub
1189 3052 1338 3118 Acusilai
1355 3055 1484 3118 nomine

309 3159 431 3240 ederet,
465 3160 624 3243 exquisito
649 3160 712 3226 hoc
736 3161 839 3245 patris
867 3161 997 3226 nomine
1022 3161 1148 3225 auctori
1173 3182 1231 3225 sno
1255 3162 1484 3226 auctoritatem

308 3266 430 3331 addere
454 3265 619 3332 voluisset.
668 3265 741 3349 Quo
766 3288 839 3331 cum
862 3266 931 3332 viro
957 3267 1053 3332 docto
1077 3273 1114 3332 ut
1138 3266 1256 3332 faciam
1276 3266 1422 3332 adducor
1446 3288 1484 3332 eo

310 3373 398 3457 quod
422 3373 509 3456 apud
534 3373 704 3439 Laertium
728 3372 912 3456 Diogenem
936 3374 1065 3439 demum
1089 3395 1206 3438 nomen
1223 3373 1317 3439 nobis
1342 3375 1484 3438 occurrit

309 3487 342 3545 et
366 3478 484 3545 Suidas
509 3481 570 3545 hac
594 3481 627 3545 in
652 3481 761 3563 glossa
784 3481 916 3546 minima
946 3479 1010 3546 fide
1035 3481 1150 3563 dignus
1175 3487 1232 3545 est.
1280 3481 1398 3564 Neque
1423 3481 1485 3546 dis·

310 3588 414 3652 sentio
436 3587 477 3652 ab
502 3586 684 3666 Herchero,
711 3589 766 3672 qui
787 3594 893 3654 totum
910 3586 1019 3653 Suidae
1037 3589 1144 3653 locum
1160 3588 1363 3671 grammatici
1380 3588 1485 3652 cuius-

311 3693 385 3758 dam
404 3716 475 3759 esse
492 3702 525 3760 et
542 3716 613 3759 eam
631 3694 757 3760 obrem
780 3695 876 3760 nimis
900 3695 1073 3780 diligenter
1090 3695 1130 3760 de
1147 3693 1247 3760 Oabae
1272 3702 1305 3760 et
1328 3693 1485 3760 Cercadis

308 3801 474 3884 inquirere
498 3802 684 3868 nominibus
707 3803 823 3868 inutile
848 3823 918 3867 esse
944 3803 1081 3870 censuit.

397 3936 469 4002 Iam
487 3934 597 4002 Suidae
621 3938 730 4020 glossa
746 3937 843 4021 plane
861 3937 1002 4002 enodata
1019 3939 1152 4020 eiusque
1175 3938 1227 4002 vel
1250 3937 1348 4002 fontis
1365 3935 1485 4002 mechi-

308 4042 497 4108 nationibus
523 4045 601 4108 satis
627 4044 768 4109 dilucide
798 4044 937 4109 detectis
967 4044 1068 4130 vides,
1098 4046 1150 4109 vix
1173 4051 1263 4109 recte
1287 4043 1483 4108 Muellerum

310 4147 425 4234 (FHG
449 4149 466 4213 I
490 4173 520 4234 p.
538 4151 734 4234 XXXVII)
757 4151 928 4218 iudicasse.
961 4153 1124 4237 Exposuit
1147 4152 1241 4232 enim,
1267 4171 1339 4215 cum
1362 4171 1483 4214 meram

308 4256 343 4320 id
377 4256 541 4322 fictionem
573 4280 643 4324 esse
673 4259 713 4324 ab
750 4261 837 4323 omni
871 4281 967 4325 sensu
999 4260 1188 4325 destitutam
1224 4280 1243 4322 a
1278 4278 1366 4323 more
1403 4257 1485 4321 anti·
