<?xml version="1.0" encoding="UTF-8"?>
<!DOCTYPE html PUBLIC "-//W3C//DTD XHTML 1.0 Transitional//EN"
    "http://www.w3.org/TR/xhtml1/DTD/xhtml1-transitional.dtd">
<html xmlns="http://www.w3.org/1999/xhtml" xml:lang="en" lang="en">
 <head>
  <title>
</title>
<meta http-equiv="Content-Type" content="text/html;charset=utf-8" />
  <meta name='ocr-system' content='tesseract 3.04.00' />
  <meta name='ocr-capabilities' content='ocr_page ocr_carea ocr_par ocr_line ocrx_word'/>
</head>
<body>
  <div class='ocr_page' id='page_1' title='image "./deaeusilao01kordgoog_0075.png"; bbox 0 0 3486 5116; ppageno 0'>
   <div class='ocr_carea' id='block_1_1' title="bbox 760 437 979 498">
    <p class='ocr_par' dir='ltr' id='par_1_1' title="bbox 760 437 979 498">
     <span class='ocr_line' id='line_1_1' title="bbox 760 437 979 498; baseline 0 -18"><span class='ocrx_word' id='word_1_1' title='bbox 760 437 979 498; x_wconf 67' lang='lat' dir='ltr'>...w-</span> 
     </span>
    </p>
   </div>
   <div class='ocr_carea' id='block_1_2' title="bbox 280 628 1456 4133">
    <p class='ocr_par' dir='ltr' id='par_1_2' title="bbox 280 628 1456 4133">
     <span class='ocr_line' id='line_1_2' title="bbox 283 628 1454 715; baseline 0.001 -20"><span class='ocrx_word' id='word_1_2' title='bbox 283 630 359 695; x_wconf 79' lang='lat' dir='ltr'>Nou</span> <span class='ocrx_word' id='word_1_3' title='bbox 385 631 454 694; x_wconf 89' lang='lat' dir='ltr'>sine</span> <span class='ocrx_word' id='word_1_4' title='bbox 479 629 567 713; x_wconf 89' lang='lat' dir='ltr'>gravi</span> <span class='ocrx_word' id='word_1_5' title='bbox 600 628 845 694; x_wconf 85' lang='lat' dir='ltr'>causafactum</span> <span class='ocrx_word' id='word_1_6' title='bbox 876 651 946 694; x_wconf 89' lang='lat' dir='ltr'>esse</span> <span class='ocrx_word' id='word_1_7' title='bbox 972 629 1054 708; x_wconf 91' lang='lat' dir='ltr'>dico,</span> <span class='ocrx_word' id='word_1_8' title='bbox 1088 637 1125 694; x_wconf 90' lang='lat' dir='ltr'>ut</span> <span class='ocrx_word' id='word_1_9' title='bbox 1149 629 1326 708; x_wconf 85' lang='lat' dir='ltr'>Hesiodus,</span> <span class='ocrx_word' id='word_1_10' title='bbox 1359 654 1454 715; x_wconf 90' lang='lat' dir='ltr'>quem</span> 
     </span>
     <span class='ocr_line' id='line_1_3' title="bbox 285 735 1456 820; baseline 0.003 -20"><span class='ocrx_word' id='word_1_11' title='bbox 285 738 462 820; x_wconf 66' lang='lat' dir='ltr'>sepissime</span> <span class='ocrx_word' id='word_1_12' title='bbox 492 738 630 820; x_wconf 79' lang='lat' dir='ltr'>posteris</span> <span class='ocrx_word' id='word_1_13' title='bbox 655 735 778 803; x_wconf 85' lang='lat' dir='ltr'>fontem</span> <span class='ocrx_word' id='word_1_14' title='bbox 808 736 908 800; x_wconf 82' lang='lat' dir='ltr'>inisse</span> <span class='ocrx_word' id='word_1_15' title='bbox 940 742 1077 813; x_wconf 87' lang='lat' dir='ltr'>constat,</span> <span class='ocrx_word' id='word_1_16' title='bbox 1109 738 1142 801; x_wconf 92' lang='lat' dir='ltr'>iu</span> <span class='ocrx_word' id='word_1_17' title='bbox 1172 738 1243 820; x_wconf 92' lang='lat' dir='ltr'>ipso</span> <span class='ocrx_word' id='word_1_18' title='bbox 1268 739 1329 802; x_wconf 92' lang='lat' dir='ltr'>boc</span> <span class='ocrx_word' id='word_1_19' title='bbox 1360 747 1456 804; x_wconf 91' lang='lat' dir='ltr'>stem-</span> 
     </span>
     <span class='ocr_line' id='line_1_4' title="bbox 284 842 1456 930; baseline 0.001 -22"><span class='ocrx_word' id='word_1_20' title='bbox 284 851 370 910; x_wconf 87' lang='lat' dir='ltr'>mate</span> <span class='ocrx_word' id='word_1_21' title='bbox 395 844 490 927; x_wconf 86' lang='lat' dir='ltr'>plane</span> <span class='ocrx_word' id='word_1_22' title='bbox 520 842 741 930; x_wconf 73' lang='lat' dir='ltr'>praeteriretur</span> <span class='ocrx_word' id='word_1_23' title='bbox 772 849 805 907; x_wconf 91' lang='lat' dir='ltr'>et</span> <span class='ocrx_word' id='word_1_24' title='bbox 835 843 1052 925; x_wconf 84' lang='lat' dir='ltr'><strong>ignoraretur.</strong></span> <span class='ocrx_word' id='word_1_25' title='bbox 1099 842 1262 909; x_wconf 84' lang='lat' dir='ltr'><strong>Summam</strong></span> <span class='ocrx_word' id='word_1_26' title='bbox 1295 853 1456 929; x_wconf 75' lang='lat' dir='ltr'>preterea</span> 
     </span>
     <span class='ocr_line' id='line_1_5' title="bbox 285 948 1455 1034; baseline 0.001 -19"><span class='ocrx_word' id='word_1_27' title='bbox 285 954 310 1015; x_wconf 92' lang='lat' dir='ltr'>si</span> <span class='ocrx_word' id='word_1_28' title='bbox 335 952 459 1016; x_wconf 88' lang='lat' dir='ltr'>tuearis</span> <span class='ocrx_word' id='word_1_29' title='bbox 474 949 755 1034; x_wconf 81' lang='lat' dir='ltr'><strong>necessitudinem,</strong></span> <span class='ocrx_word' id='word_1_30' title='bbox 781 971 845 1032; x_wconf 91' lang='lat' dir='ltr'>qua</span> <span class='ocrx_word' id='word_1_31' title='bbox 862 948 1038 1014; x_wconf 88' lang='lat' dir='ltr'>Acusilans</span> <span class='ocrx_word' id='word_1_32' title='bbox 1061 951 1133 1015; x_wconf 86' lang='lat' dir='ltr'>aliis</span> <span class='ocrx_word' id='word_1_33' title='bbox 1152 951 1185 1014; x_wconf 93' lang='lat' dir='ltr'>iu</span> <span class='ocrx_word' id='word_1_34' title='bbox 1201 950 1321 1016; x_wconf 84' lang='lat' dir='ltr'>fabulis</span> <span class='ocrx_word' id='word_1_35' title='bbox 1337 953 1455 1016; x_wconf 86' lang='lat' dir='ltr'>Hesio-</span> 
     </span>
     <span class='ocr_line' id='line_1_6' title="bbox 285 1056 1456 1142; baseline 0 -20"><span class='ocrx_word' id='word_1_36' title='bbox 285 1059 360 1122; x_wconf 85' lang='lat' dir='ltr'>dum</span> <span class='ocrx_word' id='word_1_37' title='bbox 385 1058 540 1141; x_wconf 87' lang='lat' dir='ltr'>attigerit,</span> <span class='ocrx_word' id='word_1_38' title='bbox 572 1064 606 1122; x_wconf 89' lang='lat' dir='ltr'>et</span> <span class='ocrx_word' id='word_1_39' title='bbox 628 1057 785 1139; x_wconf 84' lang='lat' dir='ltr'><strong>respicias</strong></span> <span class='ocrx_word' id='word_1_40' title='bbox 809 1077 906 1139; x_wconf 90' lang='lat' dir='ltr'>quam</span> <span class='ocrx_word' id='word_1_41' title='bbox 928 1056 1023 1122; x_wconf 82' lang='lat' dir='ltr'>facile</span> <span class='ocrx_word' id='word_1_42' title='bbox 1048 1078 1126 1122; x_wconf 91' lang='lat' dir='ltr'>casu</span> <span class='ocrx_word' id='word_1_43' title='bbox 1150 1078 1267 1123; x_wconf 89' lang='lat' dir='ltr'>nomen</span> <span class='ocrx_word' id='word_1_44' title='bbox 1292 1061 1456 1142; x_wconf 90' lang='lat' dir='ltr'>corrumpi</span> 
     </span>
     <span class='ocr_line' id='line_1_7' title="bbox 284 1163 1454 1249; baseline 0.002 -21"><span class='ocrx_word' id='word_1_45' title='bbox 284 1166 438 1248; x_wconf 88' lang='lat' dir='ltr'>potuerit,</span> <span class='ocrx_word' id='word_1_46' title='bbox 469 1185 533 1228; x_wconf 90' lang='lat' dir='ltr'>non</span> <span class='ocrx_word' id='word_1_47' title='bbox 568 1163 637 1226; x_wconf 90' lang='lat' dir='ltr'>sine</span> <span class='ocrx_word' id='word_1_48' title='bbox 666 1184 764 1227; x_wconf 86' lang='lat' dir='ltr'>cansa</span> <span class='ocrx_word' id='word_1_49' title='bbox 797 1163 972 1228; x_wconf 83' lang='lat' dir='ltr'>concludes</span> <span class='ocrx_word' id='word_1_50' title='bbox 1004 1163 1165 1249; x_wconf 85' lang='lat' dir='ltr'>(quamvis</span> <span class='ocrx_word' id='word_1_51' title='bbox 1200 1165 1343 1248; x_wconf 89' lang='lat' dir='ltr'>alioquin</span> <span class='ocrx_word' id='word_1_52' title='bbox 1375 1165 1454 1230; x_wconf 89' lang='lat' dir='ltr'>utile</span> 
     </span>
     <span class='ocr_line' id='line_1_8' title="bbox 284 1269 1454 1355; baseline 0.001 -20"><span class='ocrx_word' id='word_1_53' title='bbox 284 1293 348 1336; x_wconf 92' lang='lat' dir='ltr'>non</span> <span class='ocrx_word' id='word_1_54' title='bbox 374 1272 415 1337; x_wconf 89' lang='lat' dir='ltr'>sit</span> <span class='ocrx_word' id='word_1_55' title='bbox 438 1270 645 1354; x_wconf 85' lang='lat' dir='ltr'>genealogias</span> <span class='ocrx_word' id='word_1_56' title='bbox 673 1269 812 1334; x_wconf 86' lang='lat' dir='ltr'>traditas</span> <span class='ocrx_word' id='word_1_57' title='bbox 836 1269 990 1354; x_wconf 87' lang='lat' dir='ltr'>abicere),</span> <span class='ocrx_word' id='word_1_58' title='bbox 1022 1271 1269 1355; x_wconf 84' lang='lat' dir='ltr'>grammaticum</span> <span class='ocrx_word' id='word_1_59' title='bbox 1292 1273 1454 1355; x_wconf 88' lang='lat' dir='ltr'>quendam</span> 
     </span>
     <span class='ocr_line' id='line_1_9' title="bbox 284 1377 1454 1460; baseline 0.002 -19"><span class='ocrx_word' id='word_1_60' title='bbox 284 1379 334 1442; x_wconf 84' lang='lat' dir='ltr'>vol</span> <span class='ocrx_word' id='word_1_61' title='bbox 359 1377 565 1443; x_wconf 89' lang='lat' dir='ltr'>scholiastam</span> <span class='ocrx_word' id='word_1_62' title='bbox 597 1377 766 1460; x_wconf 91' lang='lat' dir='ltr'>antiquum</span> <span class='ocrx_word' id='word_1_63' title='bbox 789 1378 898 1442; x_wconf 90' lang='lat' dir='ltr'>nescio</span> <span class='ocrx_word' id='word_1_64' title='bbox 932 1398 996 1460; x_wconf 92' lang='lat' dir='ltr'>quo</span> <span class='ocrx_word' id='word_1_65' title='bbox 1021 1399 1131 1442; x_wconf 91' lang='lat' dir='ltr'>errore</span> <span class='ocrx_word' id='word_1_66' title='bbox 1155 1378 1348 1460; x_wconf 90' lang='lat' dir='ltr'>perductum</span> <span class='ocrx_word' id='word_1_67' title='bbox 1371 1379 1454 1443; x_wconf 88' lang='lat' dir='ltr'>falso</span> 
     </span>
     <span class='ocr_line' id='line_1_10' title="bbox 283 1484 1455 1566; baseline 0.002 -17"><span class='ocrx_word' id='word_1_68' title='bbox 283 1485 507 1550; x_wconf 87' lang='lat' dir='ltr'>Phorbantem</span> <span class='ocrx_word' id='word_1_69' title='bbox 535 1491 661 1566; x_wconf 86' lang='lat' dir='ltr'>patrem</span> <span class='ocrx_word' id='word_1_70' title='bbox 685 1484 878 1566; x_wconf 84' lang='lat' dir='ltr'>appellasse,</span> <span class='ocrx_word' id='word_1_71' title='bbox 910 1484 986 1548; x_wconf 93' lang='lat' dir='ltr'>olim</span> <span class='ocrx_word' id='word_1_72' title='bbox 1016 1485 1116 1566; x_wconf 84' lang='lat' dir='ltr'>igitur</span> <span class='ocrx_word' id='word_1_73' title='bbox 1146 1485 1312 1549; x_wconf 86' lang='lat' dir='ltr'><strong>nominum</strong></span> <span class='ocrx_word' id='word_1_74' title='bbox 1337 1485 1455 1551; x_wconf 89' lang='lat' dir='ltr'>discre-</span> 
     </span>
     <span class='ocr_line' id='line_1_11' title="bbox 283 1589 1454 1676; baseline 0.001 -20"><span class='ocrx_word' id='word_1_75' title='bbox 283 1593 427 1676; x_wconf 86' lang='lat' dir='ltr'>pantiam</span> <span class='ocrx_word' id='word_1_76' title='bbox 463 1611 528 1654; x_wconf 91' lang='lat' dir='ltr'>non</span> <span class='ocrx_word' id='word_1_77' title='bbox 563 1591 736 1658; x_wconf 84' lang='lat' dir='ltr'>exstitisse.</span> <span class='ocrx_word' id='word_1_78' title='bbox 783 1589 879 1673; x_wconf 82' lang='lat' dir='ltr'>Quod</span> <span class='ocrx_word' id='word_1_79' title='bbox 914 1590 1089 1656; x_wconf 82' lang='lat' dir='ltr'>scholiasta</span> <span class='ocrx_word' id='word_1_80' title='bbox 1121 1591 1243 1656; x_wconf 84' lang='lat' dir='ltr'>diserte</span> <span class='ocrx_word' id='word_1_81' title='bbox 1275 1593 1454 1658; x_wconf 87' lang='lat' dir='ltr'>sententias</span> 
     </span>
     <span class='ocr_line' id='line_1_12' title="bbox 284 1697 1454 1782; baseline 0.002 -20"><span class='ocrx_word' id='word_1_82' title='bbox 284 1699 465 1763; x_wconf 90' lang='lat' dir='ltr'>contrarias</span> <span class='ocrx_word' id='word_1_83' title='bbox 488 1699 574 1761; x_wconf 89' lang='lat' dir='ltr'>inter</span> <span class='ocrx_word' id='word_1_84' title='bbox 599 1719 632 1762; x_wconf 89' lang='lat' dir='ltr'>se</span> <span class='ocrx_word' id='word_1_85' title='bbox 657 1697 818 1780; x_wconf 91' lang='lat' dir='ltr'>opposuit,</span> <span class='ocrx_word' id='word_1_86' title='bbox 842 1697 963 1762; x_wconf 90' lang='lat' dir='ltr'>nullius</span> <span class='ocrx_word' id='word_1_87' title='bbox 981 1705 1031 1762; x_wconf 91' lang='lat' dir='ltr'>est</span> <span class='ocrx_word' id='word_1_88' title='bbox 1047 1698 1211 1777; x_wconf 79' lang='lat' dir='ltr'>momenti,</span> <span class='ocrx_word' id='word_1_89' title='bbox 1236 1699 1356 1782; x_wconf 90' lang='lat' dir='ltr'>quippe</span> <span class='ocrx_word' id='word_1_90' title='bbox 1381 1722 1454 1764; x_wconf 93' lang='lat' dir='ltr'>cum</span> 
     </span>
     <span class='ocr_line' id='line_1_13' title="bbox 284 1802 1454 1889; baseline 0.001 -20"><span class='ocrx_word' id='word_1_91' title='bbox 284 1806 447 1887; x_wconf 89' lang='lat' dir='ltr'>cognitum</span> <span class='ocrx_word' id='word_1_92' title='bbox 470 1824 535 1869; x_wconf 91' lang='lat' dir='ltr'>non</span> <span class='ocrx_word' id='word_1_93' title='bbox 559 1802 747 1879; x_wconf 89' lang='lat' dir='ltr'>habeamus,</span> <span class='ocrx_word' id='word_1_94' title='bbox 778 1803 908 1886; x_wconf 88' lang='lat' dir='ltr'>quando</span> <span class='ocrx_word' id='word_1_95' title='bbox 933 1825 1025 1869; x_wconf 92' lang='lat' dir='ltr'>error</span> <span class='ocrx_word' id='word_1_96' title='bbox 1047 1805 1080 1868; x_wconf 91' lang='lat' dir='ltr'>in</span> <span class='ocrx_word' id='word_1_97' title='bbox 1105 1804 1329 1888; x_wconf 84' lang='lat' dir='ltr'>genealogiam</span> <span class='ocrx_word' id='word_1_98' title='bbox 1353 1807 1454 1889; x_wconf 90' lang='lat' dir='ltr'>irrep-</span> 
     </span>
     <span class='ocr_line' id='line_1_14' title="bbox 285 1910 1454 1996; baseline 0 -19"><span class='ocrx_word' id='word_1_99' title='bbox 285 1913 373 1981; x_wconf 86' lang='lat' dir='ltr'>serit.</span> <span class='ocrx_word' id='word_1_100' title='bbox 397 1949 441 1958; x_wconf 90' lang='lat'>—</span> <span class='ocrx_word' id='word_1_101' title='bbox 463 1910 542 1994; x_wconf 81' lang='lat' dir='ltr'>Frg.</span> <span class='ocrx_word' id='word_1_102' title='bbox 561 1915 578 1975; x_wconf 82' lang='lat' dir='ltr'>l</span> <span class='ocrx_word' id='word_1_103' title='bbox 586 1933 593 1974; x_wconf 95' lang='lat'><strong>:</strong></span> <span class='ocrx_word' id='word_1_104' title='bbox 619 1910 796 1975; x_wconf 83' lang='lat' dir='ltr'>Acusilaus</span> <span class='ocrx_word' id='word_1_105' title='bbox 811 1912 930 1994; x_wconf 90' lang='lat' dir='ltr'>partim</span> <span class='ocrx_word' id='word_1_106' title='bbox 947 1911 1130 1976; x_wconf 87' lang='lat' dir='ltr'>Hesiodum</span> <span class='ocrx_word' id='word_1_107' title='bbox 1148 1918 1279 1976; x_wconf 91' lang='lat' dir='ltr'>secutus</span> <span class='ocrx_word' id='word_1_108' title='bbox 1297 1920 1356 1994; x_wconf 91' lang='lat' dir='ltr'>est,</span> <span class='ocrx_word' id='word_1_109' title='bbox 1381 1935 1454 1996; x_wconf 87' lang='lat' dir='ltr'>par-</span> 
     </span>
     <span class='ocr_line' id='line_1_15' title="bbox 282 2017 1452 2104; baseline 0.001 -22"><span class='ocrx_word' id='word_1_110' title='bbox 282 2021 341 2082; x_wconf 92' lang='lat' dir='ltr'>tim</span> <span class='ocrx_word' id='word_1_111' title='bbox 364 2019 397 2083; x_wconf 92' lang='lat' dir='ltr'>in</span> <span class='ocrx_word' id='word_1_112' title='bbox 420 2019 602 2083; x_wconf 90' lang='lat' dir='ltr'>Homerum</span> <span class='ocrx_word' id='word_1_113' title='bbox 624 2018 761 2083; x_wconf 89' lang='lat' dir='ltr'>inclinat</span> <span class='ocrx_word' id='word_1_114' title='bbox 785 2017 828 2102; x_wconf 87' lang='lat' dir='ltr'>(v.</span> <span class='ocrx_word' id='word_1_115' title='bbox 852 2039 884 2100; x_wconf 91' lang='lat' dir='ltr'>p.</span> <span class='ocrx_word' id='word_1_116' title='bbox 911 2021 950 2082; x_wconf 79' lang='lat'>17</span> <span class='ocrx_word' id='word_1_117' title='bbox 977 2021 1025 2101; x_wconf 81' lang='lat' dir='ltr'>a).</span> <span class='ocrx_word' id='word_1_118' title='bbox 1051 2056 1092 2066; x_wconf 94' lang='lat'>—</span> <span class='ocrx_word' id='word_1_119' title='bbox 1116 2019 1195 2104; x_wconf 80' lang='lat' dir='ltr'>Frg.</span> <span class='ocrx_word' id='word_1_120' title='bbox 1216 2024 1270 2083; x_wconf 89' lang='lat'>11:</span> <span class='ocrx_word' id='word_1_121' title='bbox 1296 2017 1346 2083; x_wconf 79' lang='lat' dir='ltr'>ef.</span> <span class='ocrx_word' id='word_1_122' title='bbox 1372 2019 1452 2085; x_wconf 89' lang='lat' dir='ltr'>Hes.</span> 
     </span>
     <span class='ocr_line' id='line_1_16' title="bbox 284 2125 1452 2210; baseline 0.003 -20"><span class='ocrx_word' id='word_1_123' title='bbox 284 2127 345 2193; x_wconf 77' lang='lat' dir='ltr'>Tb.</span> <span class='ocrx_word' id='word_1_124' title='bbox 370 2130 450 2210; x_wconf 70' lang='lat'>270,</span> <span class='ocrx_word' id='word_1_125' title='bbox 482 2126 676 2191; x_wconf 82' lang='lat' dir='ltr'>Eidotheam</span> <span class='ocrx_word' id='word_1_126' title='bbox 707 2146 784 2190; x_wconf 91' lang='lat' dir='ltr'>vero</span> <span class='ocrx_word' id='word_1_127' title='bbox 808 2125 896 2208; x_wconf 91' lang='lat' dir='ltr'>apud</span> <span class='ocrx_word' id='word_1_128' title='bbox 926 2132 1057 2208; x_wconf 86' lang='lat' dir='ltr'>poetam</span> <span class='ocrx_word' id='word_1_129' title='bbox 1080 2147 1145 2190; x_wconf 93' lang='lat' dir='ltr'>nou</span> <span class='ocrx_word' id='word_1_130' title='bbox 1170 2125 1452 2208; x_wconf 89' lang='lat' dir='ltr'>deprehendimus.</span> 
     </span>
     <span class='ocr_line' id='line_1_17' title="bbox 283 2231 1454 2317; baseline 0.002 -20"><span class='ocrx_word' id='word_1_131' title='bbox 283 2273 326 2280; x_wconf 91' lang='lat'><em>-</em></span> <span class='ocrx_word' id='word_1_132' title='bbox 349 2234 426 2317; x_wconf 89' lang='lat' dir='ltr'>Frg.</span> <span class='ocrx_word' id='word_1_133' title='bbox 454 2236 508 2297; x_wconf 87' lang='lat'>13:</span> <span class='ocrx_word' id='word_1_134' title='bbox 541 2234 652 2298; x_wconf 86' lang='lat' dir='ltr'>Etiam</span> <span class='ocrx_word' id='word_1_135' title='bbox 675 2253 715 2296; x_wconf 89' lang='lat' dir='ltr'>ex</span> <span class='ocrx_word' id='word_1_136' title='bbox 738 2231 879 2297; x_wconf 86' lang='lat' dir='ltr'>Hesiodi</span> <span class='ocrx_word' id='word_1_137' title='bbox 901 2240 1010 2298; x_wconf 86' lang='lat' dir='ltr'>mente</span> <span class='ocrx_word' id='word_1_138' title='bbox 1042 2232 1166 2316; x_wconf 89' lang='lat' dir='ltr'>aliquid</span> <span class='ocrx_word' id='word_1_139' title='bbox 1190 2254 1230 2297; x_wconf 91' lang='lat' dir='ltr'>ex</span> <span class='ocrx_word' id='word_1_140' title='bbox 1254 2231 1358 2297; x_wconf 88' lang='lat' dir='ltr'>Urani</span> <span class='ocrx_word' id='word_1_141' title='bbox 1383 2256 1454 2299; x_wconf 94' lang='lat' dir='ltr'>cru-</span> 
     </span>
     <span class='ocr_line' id='line_1_18' title="bbox 283 2339 1452 2424; baseline -0.002 -18"><span class='ocrx_word' id='word_1_142' title='bbox 283 2341 349 2406; x_wconf 89' lang='lat' dir='ltr'>oris</span> <span class='ocrx_word' id='word_1_143' title='bbox 372 2342 473 2423; x_wconf 89' lang='lat' dir='ltr'>guttis</span> <span class='ocrx_word' id='word_1_144' title='bbox 497 2341 586 2404; x_wconf 86' lang='lat' dir='ltr'>nasci</span> <span class='ocrx_word' id='word_1_145' title='bbox 609 2344 740 2423; x_wconf 88' lang='lat' dir='ltr'>poterat</span> <span class='ocrx_word' id='word_1_146' title='bbox 763 2339 839 2422; x_wconf 81' lang='lat' dir='ltr'>(Th.</span> <span class='ocrx_word' id='word_1_147' title='bbox 858 2341 920 2403; x_wconf 89' lang='lat'>183</span> <span class='ocrx_word' id='word_1_148' title='bbox 938 2344 1009 2424; x_wconf 71' lang='lat' dir='ltr'>aa),</span> <span class='ocrx_word' id='word_1_149' title='bbox 1034 2360 1072 2404; x_wconf 92' lang='lat' dir='ltr'>eo</span> <span class='ocrx_word' id='word_1_150' title='bbox 1096 2345 1205 2404; x_wconf 89' lang='lat' dir='ltr'>antem</span> <span class='ocrx_word' id='word_1_151' title='bbox 1230 2340 1317 2423; x_wconf 91' lang='lat' dir='ltr'>quod</span> <span class='ocrx_word' id='word_1_152' title='bbox 1333 2340 1452 2406; x_wconf 88' lang='lat' dir='ltr'>Acusi-</span> 
     </span>
     <span class='ocr_line' id='line_1_19' title="bbox 282 2445 1453 2534; baseline 0 -22"><span class='ocrx_word' id='word_1_153' title='bbox 282 2448 354 2512; x_wconf 88' lang='lat' dir='ltr'>laus</span> <span class='ocrx_word' id='word_1_154' title='bbox 383 2448 540 2512; x_wconf 74' lang='lat' dir='ltr'>Phaeaces</span> <span class='ocrx_word' id='word_1_155' title='bbox 572 2468 699 2530; x_wconf 91' lang='lat' dir='ltr'>quoque</span> <span class='ocrx_word' id='word_1_156' title='bbox 734 2445 810 2510; x_wconf 91' lang='lat' dir='ltr'>inde</span> <span class='ocrx_word' id='word_1_157' title='bbox 846 2447 1004 2530; x_wconf 84' lang='lat' dir='ltr'>originem</span> <span class='ocrx_word' id='word_1_158' title='bbox 1038 2447 1168 2512; x_wconf 89' lang='lat' dir='ltr'>duxisse</span> <span class='ocrx_word' id='word_1_159' title='bbox 1204 2448 1349 2512; x_wconf 89' lang='lat' dir='ltr'>narravit</span> <span class='ocrx_word' id='word_1_160' title='bbox 1383 2447 1453 2534; x_wconf 92' lang='lat' dir='ltr'>(qui</span> 
     </span>
     <span class='ocr_line' id='line_1_20' title="bbox 282 2551 1451 2636; baseline 0.001 -18"><span class='ocrx_word' id='word_1_161' title='bbox 282 2555 456 2619; x_wconf 85' lang='lat' dir='ltr'>tamenab</span> <span class='ocrx_word' id='word_1_162' title='bbox 481 2554 619 2618; x_wconf 89' lang='lat' dir='ltr'>Hesiodi</span> <span class='ocrx_word' id='word_1_163' title='bbox 645 2551 843 2636; x_wconf 82' lang='lat' dir='ltr'>Gigantibus</span> <span class='ocrx_word' id='word_1_164' title='bbox 874 2574 939 2617; x_wconf 92' lang='lat' dir='ltr'>non</span> <span class='ocrx_word' id='word_1_165' title='bbox 970 2553 1066 2636; x_wconf 89' lang='lat' dir='ltr'>plane</span> <span class='ocrx_word' id='word_1_166' title='bbox 1090 2554 1187 2618; x_wconf 89' lang='lat' dir='ltr'>alieni</span> <span class='ocrx_word' id='word_1_167' title='bbox 1218 2554 1318 2618; x_wconf 85' lang='lat' dir='ltr'>fuisse</span> <span class='ocrx_word' id='word_1_168' title='bbox 1342 2555 1451 2619; x_wconf 84' lang='lat' dir='ltr'>riden-</span> 
     </span>
     <span class='ocr_line' id='line_1_21' title="bbox 283 2660 1454 2747; baseline 0.002 -23"><span class='ocrx_word' id='word_1_169' title='bbox 283 2661 421 2747; x_wconf 77' lang='lat' dir='ltr'>tur),¹⁶¹)</span> <span class='ocrx_word' id='word_1_170' title='bbox 456 2668 586 2745; x_wconf 88' lang='lat' dir='ltr'>poetam</span> <span class='ocrx_word' id='word_1_171' title='bbox 618 2660 776 2724; x_wconf 86' lang='lat' dir='ltr'>dilatavit.</span> <span class='ocrx_word' id='word_1_172' title='bbox 824 2660 1041 2724; x_wconf 81' lang='lat' dir='ltr'>Hnuntiatum</span> <span class='ocrx_word' id='word_1_173' title='bbox 1072 2662 1156 2725; x_wconf 93' lang='lat' dir='ltr'>enim</span> <span class='ocrx_word' id='word_1_174' title='bbox 1188 2661 1276 2744; x_wconf 92' lang='lat' dir='ltr'>quod</span> <span class='ocrx_word' id='word_1_175' title='bbox 1307 2663 1454 2744; x_wconf 89' lang='lat' dir='ltr'>sequitur</span> 
     </span>
     <span class='ocr_line' id='line_1_22' title="bbox 283 2765 1454 2851; baseline 0.001 -19"><span class='ocrx_word' id='word_1_176' title='bbox 283 2768 422 2832; x_wconf 87' lang='lat' dir='ltr'>Hesiodi</span> <span class='ocrx_word' id='word_1_177' title='bbox 447 2767 578 2832; x_wconf 87' lang='lat' dir='ltr'>exhibet</span> <span class='ocrx_word' id='word_1_178' title='bbox 601 2769 797 2850; x_wconf 89' lang='lat' dir='ltr'>opinionem,</span> <span class='ocrx_word' id='word_1_179' title='bbox 815 2790 911 2851; x_wconf 90' lang='lat' dir='ltr'>qnam</span> <span class='ocrx_word' id='word_1_180' title='bbox 929 2770 1027 2833; x_wconf 90' lang='lat' dir='ltr'>etiam</span> <span class='ocrx_word' id='word_1_181' title='bbox 1041 2765 1190 2832; x_wconf 86' lang='lat' dir='ltr'>Acusilai</span> <span class='ocrx_word' id='word_1_182' title='bbox 1206 2767 1308 2832; x_wconf 85' lang='lat' dir='ltr'>fnisse</span> <span class='ocrx_word' id='word_1_183' title='bbox 1321 2769 1404 2833; x_wconf 92' lang='lat' dir='ltr'>illud</span> <span class='ocrx_word' id='word_1_184' title='bbox 1420 2768 1454 2833; x_wconf 79' lang='grc' dir='ltr'>δὲ</span> 
     </span>
     <span class='ocr_line' id='line_1_23' title="bbox 283 2873 1451 2959; baseline 0 -21"><span class='ocrx_word' id='word_1_185' title='bbox 283 2898 347 2938; x_wconf 87' lang='lat' dir='ltr'>non</span> <span class='ocrx_word' id='word_1_186' title='bbox 363 2882 452 2938; x_wconf 83' lang='lat' dir='ltr'>rotat</span> <span class='ocrx_word' id='word_1_187' title='bbox 470 2875 612 2957; x_wconf 89' lang='lat' dir='ltr'>cogitare</span> <span class='ocrx_word' id='word_1_188' title='bbox 624 2875 658 2938; x_wconf 93' lang='lat' dir='ltr'>in</span> <span class='ocrx_word' id='word_1_189' title='bbox 671 2873 792 2939; x_wconf 91' lang='lat' dir='ltr'>scholio</span> <span class='ocrx_word' id='word_1_190' title='bbox 806 2881 872 2939; x_wconf 88' lang='lat' dir='ltr'>tam</span> <span class='ocrx_word' id='word_1_191' title='bbox 886 2875 1003 2939; x_wconf 91' lang='lat' dir='ltr'>misere</span> <span class='ocrx_word' id='word_1_192' title='bbox 1017 2881 1163 2940; x_wconf 89' lang='lat' dir='ltr'>consuto.</span> <span class='ocrx_word' id='word_1_193' title='bbox 1188 2875 1266 2938; x_wconf 87' lang='lat' dir='ltr'>Iure</span> <span class='ocrx_word' id='word_1_194' title='bbox 1279 2875 1380 2958; x_wconf 90' lang='lat' dir='ltr'>igitur</span> <span class='ocrx_word' id='word_1_195' title='bbox 1392 2897 1451 2959; x_wconf 91' lang='lat' dir='ltr'>pro</span> 
     </span>
     <span class='ocr_line' id='line_1_24' title="bbox 283 2980 1454 3064; baseline 0 -18"><span class='ocrx_word' id='word_1_196' title='bbox 283 2980 313 3046; x_wconf 78' lang='lat' dir='ltr'>ot</span> <span class='ocrx_word' id='word_1_197' title='bbox 337 2980 371 3046; x_wconf 81' lang='grc' dir='ltr'>δὲ</span> <span class='ocrx_word' id='word_1_198' title='bbox 393 2987 498 3064; x_wconf 85' lang='lat' dir='ltr'>poetae</span> <span class='ocrx_word' id='word_1_199' title='bbox 515 3002 631 3045; x_wconf 90' lang='lat' dir='ltr'>nomen</span> <span class='ocrx_word' id='word_1_200' title='bbox 649 2981 881 3064; x_wconf 81' lang='lat' dir='ltr'>supplebimus,</span> <span class='ocrx_word' id='word_1_201' title='bbox 907 3003 977 3045; x_wconf 91' lang='lat' dir='ltr'>cum</span> <span class='ocrx_word' id='word_1_202' title='bbox 996 2983 1145 3063; x_wconf 87' lang='lat' dir='ltr'>sciamus,</span> <span class='ocrx_word' id='word_1_203' title='bbox 1170 3003 1265 3064; x_wconf 86' lang='lat' dir='ltr'>quam</span> <span class='ocrx_word' id='word_1_204' title='bbox 1283 2989 1354 3046; x_wconf 89' lang='lat' dir='ltr'>arte</span> <span class='ocrx_word' id='word_1_205' title='bbox 1379 3004 1454 3046; x_wconf 90' lang='lat' dir='ltr'>auc-</span> 
     </span>
     <span class='ocr_line' id='line_1_25' title="bbox 282 3088 1452 3169; baseline 0 -15"><span class='ocrx_word' id='word_1_206' title='bbox 282 3101 370 3154; x_wconf 89' lang='lat' dir='ltr'>tores</span> <span class='ocrx_word' id='word_1_207' title='bbox 394 3089 481 3152; x_wconf 92' lang='lat' dir='ltr'>inter</span> <span class='ocrx_word' id='word_1_208' title='bbox 503 3109 537 3152; x_wconf 89' lang='lat' dir='ltr'>se</span> <span class='ocrx_word' id='word_1_209' title='bbox 563 3088 757 3152; x_wconf 71' lang='lat' dir='ltr'>cohaereant.</span> <span class='ocrx_word' id='word_1_210' title='bbox 782 3126 826 3134; x_wconf 88' lang='lat'>—</span> <span class='ocrx_word' id='word_1_211' title='bbox 849 3089 927 3169; x_wconf 86' lang='lat' dir='ltr'>Frg.</span> <span class='ocrx_word' id='word_1_212' title='bbox 946 3092 1002 3152; x_wconf 79' lang='lat'>20:</span> <span class='ocrx_word' id='word_1_213' title='bbox 1027 3089 1137 3152; x_wconf 86' lang='lat' dir='ltr'>Patris</span> <span class='ocrx_word' id='word_1_214' title='bbox 1155 3110 1271 3152; x_wconf 83' lang='lat' dir='ltr'>nomeu</span> <span class='ocrx_word' id='word_1_215' title='bbox 1288 3089 1372 3152; x_wconf 92' lang='lat' dir='ltr'>idem</span> <span class='ocrx_word' id='word_1_216' title='bbox 1399 3113 1452 3154; x_wconf 83' lang='lat' dir='ltr'>ex·</span> 
     </span>
     <span class='ocr_line' id='line_1_26' title="bbox 283 3193 1451 3282; baseline 0 -22"><span class='ocrx_word' id='word_1_217' title='bbox 283 3196 410 3278; x_wconf 73' lang='lat' dir='ltr'>hibent,</span> <span class='ocrx_word' id='word_1_218' title='bbox 441 3195 481 3258; x_wconf 91' lang='lat' dir='ltr'>de</span> <span class='ocrx_word' id='word_1_219' title='bbox 505 3201 609 3258; x_wconf 90' lang='lat' dir='ltr'>matre</span> <span class='ocrx_word' id='word_1_220' title='bbox 634 3194 797 3261; x_wconf 86' lang='lat' dir='ltr'>differunt.</span> <span class='ocrx_word' id='word_1_221' title='bbox 830 3233 872 3239; x_wconf 88' lang='lat'>-—</span> <span class='ocrx_word' id='word_1_222' title='bbox 903 3195 981 3277; x_wconf 80' lang='lat' dir='ltr'>Frg.</span> <span class='ocrx_word' id='word_1_223' title='bbox 1007 3199 1064 3258; x_wconf 83' lang='lat'>21:</span> <span class='ocrx_word' id='word_1_224' title='bbox 1097 3193 1184 3277; x_wconf 81' lang='lat' dir='ltr'>Quid</span> <span class='ocrx_word' id='word_1_225' title='bbox 1209 3195 1289 3258; x_wconf 92' lang='lat' dir='ltr'>illud</span> <span class='ocrx_word' id='word_1_226' title='bbox 1312 3195 1352 3260; x_wconf 81' lang='grc' dir='ltr'>τὰ</span> <span class='ocrx_word' id='word_1_227' title='bbox 1377 3197 1451 3282; x_wconf 72' lang='grc' dir='ltr'>περὶ</span> 
     </span>
     <span class='ocr_line' id='line_1_27' title="bbox 284 3300 1451 3385; baseline 0 -18"><span class='ocrx_word' id='word_1_228' title='bbox 284 3313 377 3367; x_wconf 83' lang='grc' dir='ltr'><strong><em>Δευκ.</em></strong></span> <span class='ocrx_word' id='word_1_229' title='bbox 393 3301 449 3365; x_wconf 86' lang='grc' dir='ltr'>καὶ</span> <span class='ocrx_word' id='word_1_230' title='bbox 464 3310 503 3364; x_wconf 90' lang='grc' dir='ltr'>Π.</span> <span class='ocrx_word' id='word_1_231' title='bbox 521 3300 582 3364; x_wconf 91' lang='lat' dir='ltr'>sibi</span> <span class='ocrx_word' id='word_1_232' title='bbox 598 3300 686 3383; x_wconf 86' lang='lat' dir='ltr'>velit,</span> <span class='ocrx_word' id='word_1_233' title='bbox 711 3323 740 3384; x_wconf 91' lang='lat' dir='ltr'>p.</span> <span class='ocrx_word' id='word_1_234' title='bbox 760 3305 801 3366; x_wconf 86' lang='grc'>34</span> <span class='ocrx_word' id='word_1_235' title='bbox 826 3303 970 3383; x_wconf 85' lang='lat' dir='ltr'>exposui.</span> <span class='ocrx_word' id='word_1_236' title='bbox 1002 3300 1085 3365; x_wconf 88' lang='lat' dir='ltr'>Haec</span> <span class='ocrx_word' id='word_1_237' title='bbox 1109 3302 1209 3385; x_wconf 88' lang='lat' dir='ltr'>igitur</span> <span class='ocrx_word' id='word_1_238' title='bbox 1226 3303 1323 3366; x_wconf 89' lang='lat' dir='ltr'>etiam</span> <span class='ocrx_word' id='word_1_239' title='bbox 1340 3310 1451 3367; x_wconf 90' lang='lat' dir='ltr'>nostro</span> 
     </span>
     <span class='ocr_line' id='line_1_28' title="bbox 281 3407 1453 3492; baseline 0 -18"><span class='ocrx_word' id='word_1_240' title='bbox 281 3407 514 3475; x_wconf 88' lang='lat' dir='ltr'>adscribamus.</span> <span class='ocrx_word' id='word_1_241' title='bbox 560 3407 691 3472; x_wconf 90' lang='lat' dir='ltr'>Primus</span> <span class='ocrx_word' id='word_1_242' title='bbox 722 3430 797 3473; x_wconf 86' lang='lat' dir='ltr'>vero</span> <span class='ocrx_word' id='word_1_243' title='bbox 822 3408 1057 3472; x_wconf 86' lang='lat' dir='ltr'>Deucalionem</span> <span class='ocrx_word' id='word_1_244' title='bbox 1082 3415 1115 3472; x_wconf 90' lang='lat' dir='ltr'>et</span> <span class='ocrx_word' id='word_1_245' title='bbox 1137 3407 1299 3492; x_wconf 88' lang='lat' dir='ltr'>Pyrrham</span> <span class='ocrx_word' id='word_1_246' title='bbox 1326 3409 1453 3492; x_wconf 88' lang='lat' dir='ltr'>lapides</span> 
     </span>
     <span class='ocr_line' id='line_1_29' title="bbox 281 3513 1452 3603; baseline 0 -22"><span class='ocrx_word' id='word_1_247' title='bbox 281 3517 442 3581; x_wconf 88' lang='lat' dir='ltr'>iactantes</span> <span class='ocrx_word' id='word_1_248' title='bbox 465 3516 552 3580; x_wconf 87' lang='lat' dir='ltr'>viros</span> <span class='ocrx_word' id='word_1_249' title='bbox 576 3522 609 3580; x_wconf 90' lang='lat' dir='ltr'>et</span> <span class='ocrx_word' id='word_1_250' title='bbox 635 3515 790 3580; x_wconf 84' lang='lat' dir='ltr'>mulieres</span> <span class='ocrx_word' id='word_1_251' title='bbox 815 3517 985 3598; x_wconf 82' lang='lat' dir='ltr'>creavisse,</span> <span class='ocrx_word' id='word_1_252' title='bbox 1017 3513 1194 3601; x_wconf 87' lang='lat' dir='ltr'>(expressis</span> <span class='ocrx_word' id='word_1_253' title='bbox 1219 3523 1307 3580; x_wconf 86' lang='lat' dir='ltr'>certe</span> <span class='ocrx_word' id='word_1_254' title='bbox 1332 3516 1452 3603; x_wconf 83' lang='lat' dir='ltr'>verbis)</span> 
     </span>
     <span class='ocr_line' id='line_1_30' title="bbox 280 3620 1451 3705; baseline 0.002 -19"><span class='ocrx_word' id='word_1_255' title='bbox 280 3643 431 3687; x_wconf 88' lang='lat' dir='ltr'>narrasse</span> <span class='ocrx_word' id='word_1_256' title='bbox 448 3621 586 3686; x_wconf 89' lang='lat' dir='ltr'>videtur.</span> <span class='ocrx_word' id='word_1_257' title='bbox 612 3659 653 3668; x_wconf 88' lang='lat'><em>-</em></span> <span class='ocrx_word' id='word_1_258' title='bbox 677 3620 755 3705; x_wconf 82' lang='lat' dir='ltr'>Frg.</span> <span class='ocrx_word' id='word_1_259' title='bbox 774 3627 830 3687; x_wconf 81' lang='lat'>24:</span> <span class='ocrx_word' id='word_1_260' title='bbox 848 3622 1072 3700; x_wconf 82' lang='lat' dir='ltr'>Enuntiatum,</span> <span class='ocrx_word' id='word_1_261' title='bbox 1089 3621 1176 3704; x_wconf 92' lang='lat' dir='ltr'>quod</span> <span class='ocrx_word' id='word_1_262' title='bbox 1196 3620 1342 3686; x_wconf 89' lang='lat' dir='ltr'>Acusilai</span> <span class='ocrx_word' id='word_1_263' title='bbox 1359 3625 1451 3688; x_wconf 90' lang='lat' dir='ltr'>testi·</span> 
     </span>
     <span class='ocr_line' id='line_1_31' title="bbox 281 3727 1451 3812; baseline 0 -18"><span class='ocrx_word' id='word_1_264' title='bbox 281 3730 423 3794; x_wconf 91' lang='lat' dir='ltr'>monium</span> <span class='ocrx_word' id='word_1_265' title='bbox 454 3729 627 3806; x_wconf 87' lang='lat' dir='ltr'>antecedit,</span> <span class='ocrx_word' id='word_1_266' title='bbox 660 3727 841 3794; x_wconf 88' lang='lat' dir='ltr'>Hesiodum</span> <span class='ocrx_word' id='word_1_267' title='bbox 873 3735 1021 3812; x_wconf 87' lang='lat' dir='ltr'>spectare</span> <span class='ocrx_word' id='word_1_268' title='bbox 1051 3729 1257 3794; x_wconf 88' lang='lat' dir='ltr'>commendat</span> <span class='ocrx_word' id='word_1_269' title='bbox 1291 3729 1390 3797; x_wconf 92' lang='lat' dir='ltr'>schol.</span> <span class='ocrx_word' id='word_1_270' title='bbox 1423 3731 1451 3794; x_wconf 87' lang='lat' dir='ltr'>L</span> 
     </span>
     <span class='ocr_line' id='line_1_32' title="bbox 282 3835 1452 3921; baseline -0.001 -19"><span class='ocrx_word' id='word_1_271' title='bbox 282 3835 383 3919; x_wconf 86' lang='lat' dir='ltr'>Soph.</span> <span class='ocrx_word' id='word_1_272' title='bbox 415 3836 467 3904; x_wconf 87' lang='lat' dir='ltr'>El.</span> <span class='ocrx_word' id='word_1_273' title='bbox 485 3838 548 3900; x_wconf 81' lang='lat'>539</span> <span class='ocrx_word' id='word_1_274' title='bbox 565 3835 658 3917; x_wconf 91' lang='lat' dir='ltr'>(Hes.</span> <span class='ocrx_word' id='word_1_275' title='bbox 684 3835 743 3918; x_wconf 88' lang='lat' dir='ltr'>frg.</span> <span class='ocrx_word' id='word_1_276' title='bbox 762 3835 827 3921; x_wconf 83' lang='lat'>99).</span> <span class='ocrx_word' id='word_1_277' title='bbox 874 3836 1034 3900; x_wconf 89' lang='lat' dir='ltr'>Nostrum</span> <span class='ocrx_word' id='word_1_278' title='bbox 1056 3836 1090 3899; x_wconf 92' lang='lat' dir='ltr'>in</span> <span class='ocrx_word' id='word_1_279' title='bbox 1115 3837 1233 3900; x_wconf 88' lang='lat' dir='ltr'>ceteris</span> <span class='ocrx_word' id='word_1_280' title='bbox 1257 3857 1330 3899; x_wconf 92' lang='lat' dir='ltr'>cum</span> <span class='ocrx_word' id='word_1_281' title='bbox 1354 3844 1452 3920; x_wconf 84' lang='lat' dir='ltr'>poeto</span> 
     </span>
     <span class='ocr_line' id='line_1_33' title="bbox 282 3942 1452 4025; baseline 0.001 -18"><span class='ocrx_word' id='word_1_282' title='bbox 282 3944 496 4024; x_wconf 85' lang='lat' dir='ltr'>concinuisse,</span> <span class='ocrx_word' id='word_1_283' title='bbox 507 3943 540 4006; x_wconf 91' lang='lat' dir='ltr'>in</span> <span class='ocrx_word' id='word_1_284' title='bbox 551 3942 781 4025; x_wconf 87' lang='lat' dir='ltr'>Megapenthis</span> <span class='ocrx_word' id='word_1_285' title='bbox 793 3964 869 4006; x_wconf 88' lang='lat' dir='ltr'>vero</span> <span class='ocrx_word' id='word_1_286' title='bbox 879 3949 1049 4008; x_wconf 90' lang='lat' dir='ltr'>stemmate</span> <span class='ocrx_word' id='word_1_287' title='bbox 1062 3944 1104 4008; x_wconf 89' lang='lat' dir='ltr'>ab</span> <span class='ocrx_word' id='word_1_288' title='bbox 1116 3943 1173 4007; x_wconf 93' lang='lat' dir='ltr'>illo</span> <span class='ocrx_word' id='word_1_289' title='bbox 1184 3943 1372 4007; x_wconf 88' lang='lat' dir='ltr'>discessisse</span> <span class='ocrx_word' id='word_1_290' title='bbox 1386 3946 1452 4009; x_wconf 89' lang='lat' dir='ltr'>veri</span> 
     </span>
     <span class='ocr_line' id='line_1_34' title="bbox 281 4048 1452 4133; baseline 0.002 -21"><span class='ocrx_word' id='word_1_291' title='bbox 281 4056 331 4113; x_wconf 88' lang='lat' dir='ltr'>est</span> <span class='ocrx_word' id='word_1_292' title='bbox 354 4049 560 4113; x_wconf 91' lang='lat' dir='ltr'>simillimum.</span> <span class='ocrx_word' id='word_1_293' title='bbox 590 4086 624 4096; x_wconf 94' lang='lat'>-</span> <span class='ocrx_word' id='word_1_294' title='bbox 650 4048 719 4133; x_wconf 80' lang='lat' dir='ltr'>Frg</span> <span class='ocrx_word' id='word_1_295' title='bbox 755 4052 810 4114; x_wconf 82' lang='lat'>25:</span> <span class='ocrx_word' id='word_1_296' title='bbox 837 4048 1011 4113; x_wconf 89' lang='lat' dir='ltr'>Acusilaus</span> <span class='ocrx_word' id='word_1_297' title='bbox 1035 4051 1191 4133; x_wconf 87' lang='lat' dir='ltr'>quamvis,</span> <span class='ocrx_word' id='word_1_298' title='bbox 1217 4050 1303 4132; x_wconf 91' lang='lat' dir='ltr'>quod</span> <span class='ocrx_word' id='word_1_299' title='bbox 1328 4050 1368 4113; x_wconf 87' lang='lat' dir='ltr'>ad</span> <span class='ocrx_word' id='word_1_300' title='bbox 1393 4050 1452 4114; x_wconf 89' lang='lat' dir='ltr'>flu-</span> 
     </span>
    </p>
   </div>
   <div class='ocr_carea' id='block_1_3' title="bbox 280 4190 1451 4437">
    <p class='ocr_par' dir='ltr' id='par_1_3' title="bbox 280 4190 1451 4437">
     <span class='ocr_line' id='line_1_35' title="bbox 370 4190 1451 4257; baseline 0 -15"><span class='ocrx_word' id='word_1_301' title='bbox 370 4190 413 4255; x_wconf 70' lang='lat' dir='ltr'>ll¹)</span> <span class='ocrx_word' id='word_1_302' title='bbox 434 4193 567 4257; x_wconf 76' lang='lat' dir='ltr'>Odysseae</span> <span class='ocrx_word' id='word_1_303' title='bbox 590 4193 719 4257; x_wconf 87' lang='lat' dir='ltr'>Gigantes</span> <span class='ocrx_word' id='word_1_304' title='bbox 746 4193 879 4257; x_wconf 80' lang='lat' dir='ltr'>Cyclopes</span> <span class='ocrx_word' id='word_1_305' title='bbox 899 4193 1031 4243; x_wconf 73' lang='lat' dir='ltr'>Phaeaces</span> <span class='ocrx_word' id='word_1_306' title='bbox 1058 4194 1086 4242; x_wconf 89' lang='lat' dir='ltr'>in</span> <span class='ocrx_word' id='word_1_307' title='bbox 1110 4208 1196 4243; x_wconf 86' lang='lat' dir='ltr'>unam</span> <span class='ocrx_word' id='word_1_308' title='bbox 1223 4199 1306 4256; x_wconf 85' lang='lat' dir='ltr'>atque</span> <span class='ocrx_word' id='word_1_309' title='bbox 1334 4195 1451 4242; x_wconf 72' lang='lat' dir='ltr'>erindem</span> 
     </span>
     <span class='ocr_line' id='line_1_36' title="bbox 280 4281 1451 4345; baseline -0.001 -13"><span class='ocrx_word' id='word_1_310' title='bbox 280 4285 441 4332; x_wconf 77' lang='lat' dir='ltr'>referendos</span> <span class='ocrx_word' id='word_1_311' title='bbox 466 4297 530 4333; x_wconf 87' lang='lat' dir='ltr'>esse</span> <span class='ocrx_word' id='word_1_312' title='bbox 552 4284 677 4333; x_wconf 85' lang='lat' dir='ltr'>classem</span> <span class='ocrx_word' id='word_1_313' title='bbox 704 4283 902 4332; x_wconf 87' lang='lat' dir='ltr'>demonstravit</span> <span class='ocrx_word' id='word_1_314' title='bbox 930 4282 1123 4332; x_wconf 86' lang='lat' dir='ltr'>Preller-Rob.</span> <span class='ocrx_word' id='word_1_315' title='bbox 1143 4283 1161 4333; x_wconf 91' lang='lat' dir='ltr'>l.</span> <span class='ocrx_word' id='word_1_316' title='bbox 1181 4282 1198 4331; x_wconf 93' lang='lat' dir='ltr'>l.</span> <span class='ocrx_word' id='word_1_317' title='bbox 1218 4297 1244 4345; x_wconf 86' lang='lat' dir='ltr'>p.</span> <span class='ocrx_word' id='word_1_318' title='bbox 1264 4281 1313 4334; x_wconf 82' lang='lat'>621</span> <span class='ocrx_word' id='word_1_319' title='bbox 1336 4297 1374 4332; x_wconf 88' lang='lat' dir='ltr'>ss.</span> <span class='ocrx_word' id='word_1_320' title='bbox 1413 4283 1451 4332; x_wconf 82' lang='lat' dir='ltr'>Gt.</span> 
     </span>
     <span class='ocr_line' id='line_1_37' title="bbox 281 4370 941 4437; baseline 0 -16"><span class='ocrx_word' id='word_1_321' title='bbox 281 4375 370 4436; x_wconf 80' lang='lat' dir='ltr'>lllmrg</span> <span class='ocrx_word' id='word_1_322' title='bbox 389 4387 432 4435; x_wconf 84' lang='lat' dir='ltr'>ap.</span> <span class='ocrx_word' id='word_1_323' title='bbox 453 4373 553 4424; x_wconf 86' lang='lat' dir='ltr'>Roscb.</span> <span class='ocrx_word' id='word_1_324' title='bbox 574 4387 597 4426; x_wconf 89' lang='lat' dir='ltr'>s.</span> <span class='ocrx_word' id='word_1_325' title='bbox 617 4388 643 4423; x_wconf 92' lang='lat' dir='ltr'>v.</span> <span class='ocrx_word' id='word_1_326' title='bbox 662 4372 795 4434; x_wconf 83' lang='lat' dir='ltr'>Gigautcn</span> <span class='ocrx_word' id='word_1_327' title='bbox 815 4387 841 4437; x_wconf 86' lang='lat' dir='ltr'>p.</span> <span class='ocrx_word' id='word_1_328' title='bbox 862 4370 941 4423; x_wconf 85' lang='lat'>1639.</span> 
     </span>
    </p>
   </div>
   <div class='ocr_carea' id='block_1_4' title="bbox 0 0 1748 5116">
    <p class='ocr_par' dir='ltr' id='par_1_4' title="bbox 0 0 1748 5116">
     <span class='ocr_line' id='line_1_38' title="bbox 0 0 1748 5116; baseline 0 1"><span class='ocrx_word' id='word_1_329' title='bbox 0 0 1748 5116; x_wconf 95' lang='lat' dir='ltr'> </span> 
     </span>
    </p>
   </div>
  </div>
 </body>
</html>
