3486 5116
796 448 1017 510 -38-

407 636 551 702 Taurum
576 639 630 721 qui
656 639 821 722 Europam
846 639 980 706 Cretam
1010 643 1042 706 in
1067 642 1206 708 insulam
1235 642 1389 727 portabat
1420 666 1493 709 cum

316 744 372 808 illo
398 742 531 809 Cretam
555 752 704 811 vastante
729 755 828 830 atque
852 747 894 812 ab
910 747 1056 813 Hercule
1080 748 1202 814 domito
1226 749 1404 816 Acusilaus
1427 752 1491 834 pri·

317 873 388 914 mus
413 853 618 916 coniunxisse
642 852 781 917 videtur.
819 853 920 920 Suum
945 856 1028 919 enim
1054 863 1135 940 erat,
1159 857 1280 939 ubique
1305 865 1493 922 contextum

317 964 416 1041 atque
447 960 722 1024 continuationem
756 960 898 1025 efficere:
932 961 971 1026 cf.
997 961 1055 1044 frg.
1082 965 1101 1027 5
1129 967 1168 1027 13
1196 967 1234 1029 17
1260 967 1302 1029 23
1328 967 1380 1029 39.
1427 963 1493 1028 Ac-

318 1065 405 1129 cedit
422 1064 509 1149 quod
532 1068 653 1148 optime
673 1066 716 1130 ad
737 1069 880 1132 auctoris
904 1069 1063 1133 rationem
1081 1070 1317 1155 consiliumque
1342 1072 1491 1155 quadrat,

317 1171 429 1237 lovem
452 1193 518 1236 uon
547 1173 651 1255 ipsum
676 1174 709 1237 iu
734 1181 863 1238 taurum
897 1181 1058 1240 mutatum
1089 1177 1238 1260 rapuisse
1268 1185 1410 1243 amatam
1434 1177 1493 1242 sed

316 1279 442 1344 misisse
459 1285 598 1358 taurum,
616 1282 672 1363 qui
684 1280 869 1365 raperet.⁷⁹)
887 1282 961 1346 Hac
977 1283 1011 1346 in
1027 1304 1063 1346 re
1080 1283 1121 1348 ab
1137 1283 1286 1348 Hesiodo
1304 1285 1491 1350 discessisse

316 1384 498 1469 videtur.⁵⁰)

405 1492 586 1558 Attamen
603 1493 752 1559 Acusilai
777 1517 841 1559 non
866 1518 931 1560 una
948 1503 1055 1562 exstat
1079 1503 1177 1581 atque
1202 1497 1284 1563 bene
1301 1505 1492 1580 comparata

307 1600 462 1695 ‘historia
495 1600 632 1665 Lacuna
649 1603 732 1666 hiat:
758 1604 920 1685 quomodo
938 1605 1022 1668 enim
1046 1604 1118 1669 fieri
1142 1607 1258 1689 potuit,
1284 1612 1320 1671 ut
1343 1606 1491 1689 placidus

316 1714 430 1771 taurus
455 1707 623 1791 Europam
654 1709 784 1791 rapiens
817 1710 924 1775 subito
957 1711 1081 1776 fureret
1110 1719 1208 1795 atque
1233 1713 1366 1778 Cretam
1397 1713 1492 1776 deva-

317 1816 441 1880 staret?
487 1814 669 1880 Notissima
704 1823 776 1881 erat
806 1816 918 1882 fabula
950 1840 1021 1901 quae
1049 1819 1216 1899 narrabat,
1245 1819 1390 1884 Minoem
1419 1841 1491 1884 curn

316 1919 431 1984 bovem
454 1928 591 2004 propter
607 1922 884 2005 pulchritudinem
901 1925 1069 1990 immolare
1085 1925 1245 1990 uoluisset
1261 1947 1392 1991 causam
1408 1948 1489 2010 prae-

316 2028 424 2092 buisse
449 2027 654 2111 calamitatis,
686 2051 792 2112 neque
822 2030 930 2096 facere
962 2053 1094 2114 possum
1125 2033 1204 2115 quin
1230 2031 1381 2097 Acusilao
1406 2033 1491 2098 hanc

317 2156 448 2200 causam
472 2135 625 2200 tribuam.
666 2136 789 2201 Tamen
814 2143 918 2202 restat
942 2138 1124 2204 difficultas
1164 2137 1245 2222 Quis
1269 2140 1383 2204 bovem
1407 2161 1492 2204 mac·

315 2243 379 2306 tari
402 2243 513 2326 iussit3
537 2242 706 2310 Vulcanus
730 2267 770 2308 an
795 2245 947 2329 Iupiter?
980 2244 1015 2310 Si
1039 2245 1176 2328 Iupiter,
1201 2252 1382 2329 temporum
1406 2249 1490 2312 ratio

315 2355 349 2413 te
385 2348 538 2428 offendet,
578 2372 651 2415 cum
689 2351 833 2415 Minoem
875 2352 964 2416 Iovis
1002 2353 1211 2436 Europaeque
1251 2353 1350 2418 tuisse
1389 2354 1489 2418 filium

316 2464 454 2524 constet.

403 2564 657 2629 Heraclidarum
675 2564 874 2650 genealogiis
891 2565 1110 2648 fragmentum
1127 2566 1264 2649 adposui
1281 2569 1400 2650 quippe
1418 2589 1490 2631 cum

315 2672 348 2734 in
372 2671 527 2736 Herculis
551 2671 646 2736 factis
671 2673 862 2736 enarrandis
892 2673 959 2737 sive
984 2674 1276 2738 commemorandis
1299 2673 1490 2738 Acusilaum

233 2823 236 2828 -
315 2777 431 2842 harum
454 2777 640 2843 fabularum
656 2781 852 2842 mentionem
870 2779 986 2843 secisse
1007 2779 1181 2863 fragmenti
1197 2786 1369 2845 contextus
1392 2787 1490 2863 atque

315 2885 398 2948 ratio
423 2884 592 2968 probabile
616 2885 744 2951 reddat.
776 2885 853 2950 Huc
876 2888 1041 2968 pertinent
1065 2888 1163 2950 etiam
1187 2887 1369 2971 fragmenta
1394 2888 1492 2952 dubia

316 2993 357 3055 36
383 2997 416 3055 et
439 2995 492 3055 37.

402 3151 435 3217 79)
456 3155 493 3203 Cs.
515 3155 704 3205 Stesichorum
724 3157 817 3221 (PauS.
839 3158 909 3218 ΙΧ2,
930 3155 957 3225 3)
976 3159 1003 3207 in
1024 3159 1161 3207 Actaeonis
1182 3159 1284 3218 talrula,
1306 3159 1415 3218 Robert,
1431 3158 1490 3205 niro

315 3259 341 3292 u.
362 3243 463 3305 Liedp
492 3242 534 3296 26.

403 3329 438 3397 ⁸⁰)
459 3331 730 3396 lles.srg.30(Schol.
740 3333 1147 3402 r10m.r1292):...qttagev
1162 3335 1286 3386 ἑαυτὸν
1299 3337 1349 3400 εἰς
1364 3341 1491 3404 ταῦρον

314 3421 362 3471 καὶ
371 3420 428 3471 ἀπὸ
439 3426 486 3471 τοῦ
498 3422 636 3490 στόματος
648 3423 753 3491 κρόκον
760 3424 850 3474 ἔπνει.
862 3425 950 3488 οὕτως
960 3443 988 3476 τε
998 3427 1049 3492 τὴν
1061 3423 1209 3494 Εὐρώπην
1221 3425 1368 3491 ἀπατήσας
1376 3425 1491 3488 ἐβάστα-

315 3527 354 3574 σε,
363 3511 411 3561 καὶ
421 3508 708 3578 ὅιαπορθμεύσαςείς
713 3510 833 3582 Κρήτην
838 3514 924 3582 ἐμίγη
933 3515 1011 3584 αὐτῇ.
1023 3515 1133 3564 Certum
1142 3515 1276 3563 iudicium
1285 3515 1350 3563 dare
1357 3529 1409 3564 nos
1418 3521 1490 3565 vetat

315 3592 1076 3672 ειὼεοῑίρὶίοὴὶστορίαπαρἪσιόὸῳκαὶΒακχυλίδῃ.
1088 3633 1115 3639 -
1127 3604 1248 3652 Acusilai
1257 3605 1403 3665 sententia,
1416 3606 1490 3667 quod

314 3689 428 3751 quidem
447 3690 519 3738 hanc
539 3690 640 3738 fabulae
660 3695 766 3753 partem
779 3692 884 3752 attinet,
905 3693 988 3740 etiam
1002 3694 1076 3755 apud
1090 3697 1217 3756 posteros
1231 3693 1375 3754 reperitur,
1396 3708 1491 3756 quarn-

314 3779 356 3827 vis
376 3793 432 3827 non
452 3792 563 3840 semper
582 3793 627 3828 res
647 3780 728 3842 plane
743 3781 770 3828 in
785 3787 879 3844 aperto
900 3781 948 3830 sit:
969 3780 1032 3830 Eur.
1047 3780 1210 3845 „Phrixus“,
1231 3783 1279 3845 trg.
1295 3781 1348 3834 820
1360 3779 1396 3832 Ν2
1410 3783 1489 3846 (Erat.

315 3869 415 3917 Catast.
437 3866 491 3934 14).
532 3869 581 3932 (Cf.
602 3870 669 3933 Hyg.
690 3870 764 3919 Poet.
785 3875 851 3922 astr.
870 3870 895 3930 2,
917 3869 949 3922 21
971 3887 996 3934 p.
1017 3869 1093 3936 469).
1132 3871 1209 3920 Diod.
1231 3873 1251 3922 V
1272 3871 1315 3933 78,
1336 3873 1366 3935 1;
1394 3873 1427 3922 IV
1446 3871 1489 3932 60,

315 3957 339 4009 2,
366 3957 454 4007 Germ.
474 3959 546 4006 Aret.
568 3959 661 4008 Phaen.
681 3957 734 4010 536
748 3973 800 4019 ss,;
823 3960 913 4009 Schol.
928 3960 999 4008 trat.
1014 3962 1108 4011 Ptrren.
1129 3959 1187 4010 167.
1209 3989 1242 3996 -
1263 3962 1368 4026 Siquis
1384 3963 1492 4012 scholio

314 4047 385 4098 Arat.
400 4045 569 4106 Phoen173,
590 4049 665 4110 quod
678 4049 834 4098 Vulcanum
853 4049 923 4112 patri
942 4054 1054 4098 taurum
1075 4051 1180 4100 ratione
1200 4053 1349 4112 praeditum
1369 4053 1490 4100 donasse

314 4138 405 4197 refert,
431 4138 470 4186 uti
490 4138 555 4185 velit
575 4141 605 4186 ut
624 4138 745 4187 Acusilai
766 4139 933 4187 sententiam
954 4140 1081 4201 illustret,
1107 4140 1132 4189 ei
1152 4139 1353 4190 obvertendum
1373 4145 1424 4201 est,
1445 4155 1490 4190 res

314 4227 381 4275 olim
407 4231 551 4288 separatas
572 4241 587 4274 a
607 4228 760 4276 scholiasta
786 4227 898 4276 demum
919 4228 975 4292 (rel
997 4228 1116 4292 Nigidio)
1142 4229 1347 4290 conglutinatas
1367 4245 1440 4290 esse,
1462 4236 1490 4279 nt

314 4316 443 4364 evaderet
457 4315 574 4364 historia
594 4331 650 4365 una
663 4323 746 4380 atque
760 4317 904 4378 continua,
926 4317 1085 4380 saepissime
1099 4318 1173 4368 enim
1193 4318 1245 4366 hoc
1266 4321 1348 4368 modo
1368 4320 1490 4387 ἱστορίαι

314 4403 526 4453 fabricabantur.
