3486 5116
766 383 985 443 ..74-

290 583 400 640 cutum
425 597 513 638 esse„
553 573 657 638 Immo
681 580 748 637 tam
772 574 852 637 artis
875 573 1129 638 necessitudinis
1154 572 1288 637 vinculis
1313 580 1464 637 auctores

290 682 424 746 connexi
450 688 535 766 sunt,
561 687 597 744 ut
619 680 782 744 interdum
808 701 919 744 eorum
940 681 1078 745 societas
1104 680 1153 744 vel
1176 681 1209 742 iu
1234 680 1462 744 emendatione

289 787 513 853 confirmanda
537 809 595 852 nos
619 786 775 851 adiuvare
799 788 902 870 possit
927 786 1021 870 (frgg.
1048 790 1066 850 8
1092 787 1148 872 36)

377 904 450 968 Iam
474 925 550 967 vero
574 924 652 967 casu
675 902 796 966 sactum
821 924 891 966 esse
917 923 982 966 non
1005 909 1124 985 potest,
1156 909 1193 966 ut
1216 900 1365 966 Acusilai
1389 925 1459 967 sen·

289 1011 392 1075 tentia
415 1011 447 1073 in
472 1010 690 1094 quadraginta
721 1031 793 1091 quae
817 1008 911 1074 nobis
943 1015 1063 1091 praesto
1096 1022 1170 1073 sunt
1194 1009 1386 1092 fragmentis
1410 1017 1463 1073 ter

290 1124 322 1181 et
351 1118 449 1181 vicies
479 1115 533 1204 (ne
557 1117 661 1181 dicam
686 1113 820 1201 saepius)
851 1137 923 1180 cum
947 1116 1116 1181 Hesiodea
1147 1117 1320 1200 conjuncta
1344 1116 1387 1181 sit
1410 1117 1461 1180 vel
1515 1121 1518 1126 ’

288 1231 418 1308 poetam
441 1224 604 1307 respiciat.
652 1222 766 1304 Immo,
798 1224 857 1286 vir
890 1223 1028 1286 doctus
1057 1222 1249 1306 quondam
1278 1229 1460 1286 auctores

289 1330 470 1396 consulto
501 1331 606 1395 inter
637 1351 677 1394 se
708 1350 957 1413 comparasse
989 1349 1036 1392 ao
1068 1331 1335 1412 composuisse
1360 1329 1461 1393 vide-

288 1445 352 1501 tur
377 1435 440 1520 (cf.
464 1437 613 1519 inprimis
637 1436 717 1520 frgg.
744 1439 762 1499 6
792 1437 830 1501 18
855 1439 896 1500 29
922 1436 991 1520 31.)
1051 1434 1223 1519 Quomodo
1256 1436 1462 1500 animaliter

287 1542 369 1608 illud
387 1543 574 1626 explicabis,
591 1543 679 1624 quod
696 1543 819 1624 posteri
835 1542 1027 1607 Acusilanm
1043 1580 1081 1589 -
1097 1543 1288 1626 scriptorem
1301 1549 1389 1607 certe
1403 1565 1461 1626 per

289 1672 323 1714 se
347 1671 411 1714 non
429 1651 632 1714 notissimum
651 1687 692 1695 -
710 1649 770 1713 hac
794 1650 1022 1732 conjunctione
1047 1649 1271 1733 dignaverunt,
1294 1649 1370 1712 dum
1387 1670 1458 1712 eum

289 1757 452 1820 rarissime
478 1777 550 1819 cnm
575 1755 646 1820 aliis
671 1757 859 1820 auctoribus
884 1755 1037 1820 collatum
1060 1757 1264 1820 invenimus?
1293 1756 1461 1820 Praeterea

288 1862 381 1926 adid
398 1863 539 1926 animum
557 1862 709 1927 advertas
733 1863 819 1945 quod
843 1864 877 1926 in
901 1862 1066 1927 nonnullis
1090 1862 1280 1944 fragmentis
1298 1863 1460 1926 sententia
1522 1869 1523 1873 ’

288 1969 390 2035 allata
410 1991 568 2051 nusquam
587 1970 649 2033 nisi
674 1970 759 2052 apud
777 1969 962 2034 Hesiodum
979 1975 1012 2033 et
1023 1967 1216 2034 Acusilaum
1229 1969 1348 2051 legitur
1364 1968 1458 2052 (frgg.

291 2079 329 2140 18
348 2081 423 2158 31),
439 2077 558 2160 quippe
584 2099 648 2160 qua
660 2099 695 2140 re
721 2076 893 2140 verisimile
913 2076 1080 2156 reddatur,
1097 2075 1179 2140 alios
1198 2083 1358 2158 auctores,
1383 2076 1461 2139 licet

288 2183 372 2247 idem
404 2184 589 2269 habuerint,
614 2205 654 2247 ex
677 2190 854 2266 conspeetu
879 2183 1008 2265 abiisse,
1032 2183 1136 2247 nostri
1162 2204 1237 2246 vero
1262 2184 1458 2266 opinionem,

288 2292 375 2374 quod
400 2313 472 2355 oum
488 2290 656 2356 Hesiodea
679 2290 779 2354 fuerit
803 2311 959 2372 connexa,
976 2311 1078 2372 nsque
1103 2290 1144 2353 ad
1169 2290 1255 2354 huno
1279 2291 1363 2354 diem
1389 2311 1459 2354 esse

288 2404 459 2462 servatam.
508 2399 571 2462 Oui
594 2397 828 2461 necessitudini
863 2397 994 2460 omnino
1025 2397 1182 2460 maiorem
1205 2396 1459 2479 fragmentorum

286 2526 456 2569 numerum
482 2504 646 2568 debemus.

376 2619 571 2702 Priusquam
608 2620 671 2684 hoo
706 2626 804 2701 caput
839 2619 1084 2698 concludamus
1126 2626 1229 2684 restat
1264 2626 1301 2683 ut
1337 2626 1459 2684 statua·

287 2747 358 2790 mus
383 2747 531 2808 quaenam
565 2724 743 2804 „Hesiodi“
778 2726 922 2789 earmina
952 2731 1064 2789 noster
1096 2726 1295 2809 expresserit
1330 2725 1381 2790 vel
1411 2747 1459 2788 re·

288 2834 450 2914 spexerit:

380 2950 579 3032 θεογονίατ
604 2947 687 3031 frgg.
715 2952 730 3012 l
758 2953 777 3013 2
802 2952 822 3013 3
847 2947 918 3034 43)
944 2951 963 3013 6
989 2951 1006 3012 7
1032 2951 1051 3011 8
1077 2953 1095 3013 9
1124 2953 1160 3012 ll
1189 2951 1229 3013 13
1255 2951 1296 3013 25
1321 2949 1402 3033 (39).

377 3061 614 3148 Κατάλογοι,
640 3058 840 3149 noratur)
857 3063 938 3146 frgg.
960 3067 998 3130 17
1019 3067 1058 3128 19
1072 3063 1229 3149 (Aegim.)
1243 3067 1286 3129 20
1299 3068 1337 3129 21
1355 3064 1459 3144 22155)

288 3170 381 3256 24(2)
405 3173 445 3235 27
472 3173 513 3234 28
539 3174 579 3235 29
605 3173 647 3235 30
672 3173 712 3234 32
739 3170 831 3256 33(?)
856 3168 925 3258 (36)
950 3169 1020 3255 (37)
1045 3175 1125 3256 (38).

375 3285 548 3370 Μεγάλαι
570 3278 705 3351 lictor:
732 3287 812 3370 frgg.
839 3291 858 3351 5
882 3290 924 3351 23
950 3290 1001 3352 31.

375 3404 453 3487 Frg.
481 3405 536 3467 18:
568 3403 709 3468 Hesiodi
744 3402 911 3487 Catalogis
942 3403 1160 3468 verisimiliter
1191 3403 1317 3466 addixit
1341 3400 1459 3467 Kiroh·

286 3509 363 3593 hoff,
380 3507 514 3594 Odyss.²
531 3533 562 3593 p.
581 3512 654 3590 328,
681 3511 793 3575 Rzaoh
810 3510 954 3594 Aigimio
971 3511 1095 3575 tribuit.
1120 3547 1163 3556 --
1187 3510 1263 3593 Frg.
1283 3514 1339 3575 34:
1362 3508 1459 3575 Cata-

286 3616 351 3700 logi
375 3618 514 3701 primum
543 3617 816 3701 deprehendimus
849 3617 1059 3698 sententiam,
1090 3618 1239 3700 sequitur
1261 3616 1459 3701 Magnarum

286 3723 441 3788 Eoearum
472 3723 572 3788 locus.
613 3762 653 3771 —
692 3723 772 3808 Frg.
808 3727 849 3788 35
887 3729 1009 3788 certam
1044 3723 1210 3788 inserendi
1245 3745 1358 3787 ansam
1393 3746 1459 3788 non

286 3831 419 3914 praebet.

375 4043 422 4110 154)
442 4046 630 4094 Discernenda
649 4053 728 4095 sulit:
749 4043 851 4108 Ἠοῑαι,
870 4043 1056 4113 Κατάλογοι.·
1076 4042 1213 4112 Μεγάλαι
1227 4023 1333 4109 Ἠὀῐαι,
1354 4047 1380 4094 F.
1396 4049 1457 4106 Lem

286 4136 432 4196 Hesiodea,
453 4135 510 4183 lud.
531 4135 617 4184 schol.
638 4134 964 4188 sem.aest.1894Gott.

375 4221 419 4286 1⁵5)
440 4225 484 4273 Sic
503 4221 619 4285 Raa0h23
645 4225 739 4284 Bethe,
759 4224 844 4274 Theb.
864 4225 953 4273 lleldl.
980 4240 1005 4286 p.
1026 4225 1086 4277 174.
1124 4225 1316 4286 Melampodim
1335 4226 1459 4287 assigna-

285 4319 348 4361 runt
368 4313 416 4374 fug.
437 4312 470 4364 22
491 4313 697 4362 hlarcksohellel
717 4319 744 4362 ot
763 4313 907 4363 Ruhnken.
