3486 5116
722 441 940 502 -Ῐῖ-

333 634 471 698 Iamiam
494 635 653 698 rationem
677 655 743 716 qua
767 634 799 698 in
823 633 1086 717 genealogiarum
1109 633 1200 698 libris
1224 655 1417 717 componen-

244 739 297 804 dis
320 738 497 806 Acusilaus
522 762 599 805 usus
624 741 675 817 sit,
700 740 868 823 paululum
892 741 1111 824 inspiciamus,
1157 740 1270 804 Prosae
1295 741 1416 805 oratio·

241 848 293 911 uis
318 840 512 931 scriptorum
543 849 597 929 qui
623 846 847 929 Thucydidem
872 847 1081 930 antecedunt,
1113 847 1263 912 Hecataei
1288 847 1416 911 Xanthi

243 952 443 1039 Pherecydis
459 954 623 1019 Herodoti
647 953 783 1018 aliorum
807 952 880 1018 dico
897 954 1052 1038 reliquias
1077 954 1103 1018 si
1126 954 1314 1037 per·spicieS,
1339 975 1417 1017 non·

243 1061 333 1125 nulla
356 1061 505 1126 omnibus
529 1060 617 1125 hisce
641 1060 830 1125 auctoribus
854 1060 1037 1125 communia
1060 1059 1120 1124 tibi
1145 1067 1332 1124 occurrent:
1363 1081 1415 1124 ea-

242 1167 317 1232 dem
341 1189 381 1233 ne
406 1167 560 1233 Acusilao
588 1167 720 1250 quidem
745 1167 872 1231 desunt.
918 1167 969 1231 Eo
993 1167 1093 1250 igitur
1117 1172 1149 1231 et
1173 1166 1254 1231 fides
1279 1173 1417 1248 augetur

241 1274 498 1356 fragmentorum
523 1282 556 1339 et
578 1275 720 1339 auctoris
746 1282 825 1338 retas
850 1273 917 1338 fere
942 1273 1105 1338 definitur.

330 1434 506 1500 Acusilaus
535 1435 742 1518 genealogias
772 1437 954 1516 composuit
985 1435 1068 1500 sicut
1091 1434 1268 1498 Hecataeus
1293 1433 1414 1498 Phere-

241 1541 350 1625 cydes
389 1542 525 1606 Initium
549 1541 628 1606 facit
652 1563 671 1606 a
694 1563 801 1606 rerum
827 1541 1023 1624 primordiis
1048 1541 1166 1606 deinde
1191 1541 1231 1604 de
1256 1541 1318 1605 diis
1341 1561 1415 1604 nar-

242 1654 303 1733 rat,
328 1654 507 1731 sequuntur
523 1649 666 1712 historice
689 1655 722 1712 et
744 1648 942 1734 genealogiae
959 1647 1153 1728 mortalium,
1178 1668 1316 1730 quorum
1340 1665 1416 1710 auo-

242 1761 331 1819 tores
362 1755 488 1840 profert
519 1755 593 1840 (lrg.
620 1758 660 1819 16
686 1777 710 1819 s.
736 1758 778 1820 20
803 1754 857 1839 s.):
891 1755 1113 1838 Pherecydem
1143 1757 1176 1818 in
1201 1750 1417 1838 comparatio-

237 1877 317 1925 nem
341 1882 445 1926 voces.
484 1862 573 1926 Num
597 1863 694 1926 etiam
719 1883 822 1945 usque
847 1861 889 1926 ad
914 1883 973 1927 sua
996 1868 1144 1944 tempora
1168 1860 1337 1926 historiam
1361 1859 1415 1924 de·

243 1967 382 2052 duxerit,
406 1990 465 2052 pro
490 1976 580 2033 certo
605 1977 638 2034 ct
663 1968 830 2052 explorato
854 1968 968 2033 haberi
993 1969 1115 2052 nequit,
1147 1989 1219 2032 cum
1246 1968 1414 2051 vestigium

241 2096 308 2138 non
331 2075 526 2158 inveniatur,
558 2075 642 2139 unde
667 2075 727 2140 hoc
752 2076 911 2159 suspicari
934 2075 1040 2139 liceat.

330 2224 407 2290 Non
430 2227 521 2312 tales
552 2233 668 2291 auctor
699 2226 813 2308 quzdes
845 2227 906 2290 sibi
936 2226 1075 2291 traditos
1108 2225 1252 2308 repperit
1282 2223 1413 2311 mythos

242 2353 371 2415 semper
400 2332 554 2413 exhibuit,
586 2333 643 2397 sed
668 2334 814 2397 nascitur
838 2332 991 2398 cernendi
1017 2333 1160 2398 studium
1191 2352 1309 2414 arsque
1333 2329 1416 2394 iudi-

241 2439 347 2519 candi,
371 2461 436 2504 nou
458 2440 505 2505 ita
530 2461 617 2519 sane,
642 2446 680 2504 ut
701 2439 830 2504 fabulas
853 2461 874 2503 a
897 2441 982 2505 veris
1005 2439 1100 2504 lactis
1118 2439 1318 2524 distinguere
1342 2462 1415 2524 pos-

242 2547 299 2628 sit3
329 2546 385 2611 sed
410 2548 563 2629 qnoniam
585 2547 714 2631 mythos
743 2546 936 2630 fabulasque
960 2569 1019 2631 pro
1043 2568 1120 2611 vera
1144 2546 1244 2610 babet
1269 2546 1414 2628 historia,

241 2652 375 2718 lacunas
400 2654 518 2737 explet,
550 2654 786 2737 discrepantias
811 2655 916 2735 solvit,
945 2653 1131 2718 inordinata
1155 2653 1282 2736 digerit,
1308 2655 1415 2720 soluta

241 2761 414 2844 componit,
438 2761 556 2843 cuique
581 2762 647 2826 sive
671 2761 732 2826 deo
757 2763 823 2825 sive
848 2760 988 2846 mortali,
1019 2770 1051 2825 et
1075 2766 1219 2826 monstro
1245 2766 1276 2824 et
1301 2761 1414 2826 bestiae

240 2873 366 2931 certum
389 2873 496 2932 ortum
512 2874 611 2951 atque
635 2889 753 2932 nornen
770 2852 929 2932 attribuit
962 2867 1038 2932 Huc
1062 2867 1187 2932 faciunt
1203 2868 1311 2932 omnia
1328 2868 1414 2952 frag-

241 2981 351 3038 menta
375 2997 447 3058 qum
472 2981 595 3039 certam
627 2975 781 3040 exhibent
804 2976 1005 3058 prosapiam,
1037 2981 1198 3058 praeterea
1221 2975 1414 3040 nominatim

240 3079 378 3145 afferam
399 3081 482 3165 frgg.
510 3086 525 3146 1
553 3087 571 3146 2
597 3086 615 3146 5
644 3085 683 3146 10
710 3086 749 3146 13
778 3087 816 3146 14
844 3086 883 3147 15
909 3085 947 3146 21
976 3084 1017 3177 23
1042 3085 1084 3146 26
1110 3084 1151 3145 35
1169 3082 1248 3165 (39).

328 3240 378 3306 At
411 3243 445 3306 in
480 3243 577 3306 rebus
610 3243 799 3326 simpliciter
832 3242 1060 3306 enumerandis
1092 3248 1191 3325 atque
1223 3241 1415 3307 enarrandis

240 3348 370 3412 minime
394 3349 584 3432 acquiescit3
608 3355 733 3414 certum
757 3371 869 3414 earum
885 3349 1026 3414 instituit
1050 3347 1201 3431 gradum:
1227 3347 1308 3430 frgg.
1336 3351 1414 3413 716

241 3458 294 3521 23.
318 3454 496 3521 Hominum
520 3458 666 3540 gentium
691 3458 886 3541 populorum
910 3456 1039 3520 urbium
1056 3455 1206 3540 (κτίσεις)
1230 3456 1415 3521 nominibus

240 3562 425 3628 <tenuandis
441 3570 540 3646 atque
553 3563 754 3647 explicandis
771 3585 901 3646 operam
921 3563 986 3628 dat.
1027 3563 1124 3628 Unde
1140 3563 1298 3647 originem
1315 3563 1413 3626 duxe-

240 3669 314 3748 rint,
340 3669 418 3752 quid
442 3669 503 3734 sibi
520 3670 630 3753 velint,
648 3670 863 3736 demonstrat:
893 3671 972 3754 frgg.
1002 3674 1039 3734 13
1061 3672 1158 3735 1417
1186 3672 1226 3733 23
1246 3669 1315 3754 (38)
1332 3669 1413 3753 (40).

240 3774 400 3840 Omnibus
424 3777 521 3842 rebus
538 3777 699 3861 factisque
723 3800 853 3843 causam
870 3778 1016 3862 apponit,
1042 3778 1108 3841 sive
1132 3776 1252 3842 fabulae
1276 3776 1414 3841 formam

239 3882 334 3946 alteri
358 3890 538 3967 anteponat
560 3885 627 3949 sive
651 3886 816 3969 propriam
842 3885 943 3968 fingat
968 3905 1117 3949 eausam:
1142 3882 1224 3967 frgg.
1250 3885 1292 3948 22
1311 3886 1351 3947 27
1371 3886 1413 3946 29

240 3991 282 4052 33
306 3988 405 4073 (391).
437 3990 490 4055 De
514 3992 682 4075 scriptoris
707 3991 814 4056 studio
839 3993 957 4074 spretis
981 3991 1139 4057 fabulosis
1164 3991 1273 4055 omnia
1297 3989 1338 4054 ad
1362 4010 1412 4054 ra-

239 4096 339 4160 tionis
361 4117 506 4161 normam
533 4097 694 4184 dirigendi
719 4098 758 4162 cf.
784 4121 814 4181 p.
842 4103 893 4162 72.
949 4175 950 4178 ¹

328 4249 411 4314 Hac
444 4250 552 4314 omnia
587 4249 730 4315 studium
762 4250 962 4334 patefaciunt
995 4250 1239 4315 conscribendae
1268 4249 1413 4315 historiae

240 4355 322 4419 bene
347 4363 551 4438 comparatae,
583 4357 791 4438 continuatae,
817 4357 993 4440 dispositae,
1018 4364 1053 4420 ut
1077 4378 1141 4420 uuo
1172 4358 1271 4421 verbo
1297 4357 1412 4434 dicam,
