3486 5116
735 469 955 532 ..ss5-

252 664 375 728 hunc
366 685 399 726 m
421 683 514 727 usum
530 661 710 745 praeparati
727 683 786 726 sun
790 659 871 746 ιω)
899 659 1120 743 tSephaniB.
1137 661 1300 745 locuS,ut
1264 683 1432 731 uexeru-

252 771 343 854 plum
361 767 516 848 afferam,
530 790 597 832 uon
620 768 727 832 minus
751 768 785 832 in
801 765 924 850 Argos
929 767 1214 851 praeclarissimum
1238 769 1320 834 illud
1336 770 1433 836 Pelo·

202 919 205 926 -
252 877 389 960 ponuesi
413 875 553 959 quadrat
577 896 675 959 quam
698 875 731 940 in
755 874 941 947 Boeotios-rm
958 874 1140 968 quoddam.

340 983 429 1049 Num
445 981 606 1069 Κερκάιιος
629 982 744 1066 (etiam
760 981 883 1059 Κθικάς
899 981 978 1066 legit
980 981 1032 1066 ur)
1058 1004 1131 1046 cum
1147 983 1289 1048 Κεικαία
1312 944 1431 1050 Dianae

252 1089 465 1156 Atheniensis
483 1088 737 1181 cognominem)
762 1089 926 1155 cohaereat
912 1095 1054 1174 tuaene,
1080 1089 1266 1155 discernere
1282 1113 1348 1156 non
1373 1113 1429 1156 au-

254 1197 358 1264 deam.
396 1197 514 1281 Neque
539 1197 715 1280 quidquam
741 1196 783 1262 ad
807 1197 1021 1279 quaestionem
1044 1203 1190 1262 nostram
1213 1196 1331 1282 refert3
1355 1219 1431 1262 nam

254 1306 281 1369 si
305 1305 376 1389 quis
400 1304 462 1368 hoo
487 1304 645 1370 vocabulo
666 1305 852 1371 accuratius
868 1301 977 1387 Argos
1003 1304 1124 1386 signari
1149 1305 1297 1385 coniciet,
1321 1302 1432 1388 Argos

254 1413 378 1477 scilicet
394 1410 530 1477 Oelcaeae
554 1409 712 1497 (Dianae),
737 1411 808 1475 iure
833 1411 864 1475 ei
887 1410 1122 1474 obvertendum
1147 1417 1205 1490 est,
1230 1419 1286 1498 τῆς
1310 1413 1430 1477 articu-

252 1522 319 1584 lum
349 1540 410 1584 nos
441 1524 691 1602 exspectaturos
719 1518 829 1583 fuisse.
877 1518 1001 1585 Vocem
1033 1518 1142 1600 igitur,
1174 1519 1240 1583 sive
1272 1518 1433 1605 Κερκάδος

253 1625 376 1691 scribas
401 1626 466 1690 sive
484 1622 652 1703 Κεικάδος,
677 1625 790 1709 oppidi
813 1645 931 1689 nomen
948 1645 1019 1689 esse
1043 1647 1108 1689 non
1132 1624 1241 1691 facere
1257 1647 1431 1709 possumus

253 1735 331 1816 quin
362 1733 569 1816 accipiamus,
616 1731 783 1816 Oppidum
814 1753 892 1796 vero
925 1729 1048 1817 Κερκάς
1079 1732 1281 1816 appellatum
1317 1735 1430 1816 utique

254 1863 320 1905 non
345 1847 395 1906 est
418 1838 537 1924 Argos.

343 1945 491 2032 Sinum)
515 1948 570 2029 qui
595 1946 786 2029 ceteroquin
805 1947 915 2029 inepte
941 1947 980 2010 de
997 1945 1154 2012 Acusilao
1180 1946 1345 2033 disseruit,
1369 1948 1431 2012 hac

253 2055 286 2118 in
310 2075 345 2117 re
369 2059 493 2118 rectam
516 2075 576 2118 nos
600 2059 783 2117 monstrare
802 2053 888 2116 viam
904 2053 1029 2135 iudico3
1054 2053 1100 2117 sic
1125 2055 1211 2117 enim
1235 2054 1431 2138 disputavit:

256 2161 317 2239 „In
342 2161 400 2225 der
423 2160 574 2228 Vorrede
599 2159 657 2224 des
674 2159 816 2224 Werkes
840 2159 941 2242 (quod
965 2159 1098 2224 falsario
1122 2160 1333 2225 tribuendum
1358 2184 1431 2228 csse

255 2267 333 2332 Sittl
364 2268 531 2350 opinatur)
563 2266 655 2331 teilte
688 2265 746 2331 der
769 2266 928 2330 Falscher
952 2267 1010 2331 das
1043 2268 1110 2344 mit,
1142 2289 1206 2332 was
1232 2266 1350 2333 Suidas
1380 2268 1428 2334 als

252 2374 450 2458 Biograpbie
481 2373 564 2456 gibt:
594 2373 664 2438 Des
688 2372 868 2438 Akusilaus
892 2373 1008 2459 Vater‚
1040 2375 1098 2439 der
1129 2373 1272 2459 Argiver
1302 2375 1429 2456 KabaS,

252 2481 331 2547 fand
355 2504 395 2546 zu
414 2481 546 2546 'Kerkas
569 2481 623 2546 bei
638 2480 735 2546 Aulis
760 2482 880 2546 eherne
898 2481 1015 2547 Tefeln
1038 2482 1072 2546 in
1096 2482 1154 2546 der
1170 2482 1260 2547 Erde
1275 2533 1280 2546 .
1297 2534 1303 2546 .
1321 2532 1326 2545 .
1341 2489 1369 2546 .“
1397 2490 1430 2548 et

253 2588 435 2653 adnotavit:
476 2610 531 2673 „so
563 2589 727 2672 entstand‚
759 2589 865 2654 denke
895 2589 959 2676 ich,
992 2588 1043 2653 die
1073 2589 1170 2654 Notiz
1204 2589 1261 2654 des
1294 2588 1428 2655 Suidas:

252 2694 345 2778 Κάβα
368 2693 446 2778 υἱός,
464 2686 602 2782 Ἁργεῖος
624 2696 711 2760 κτι.“
749 2695 868 2762 Νοιιιιθ
892 2719 1008 2762 revera
1031 2703 1212 2762 memoratu
1237 2705 1287 2762 est
1312 2697 1431 2780 dignis·

254 2804 378 2885 simum,
403 2804 437 2866 in
454 2803 566 2868 eadem
584 2802 694 2869 Suidae
711 2803 820 2886 glossa
836 2811 870 2868 et
891 2804 931 2868 de
948 2804 1092 2888 singulis,
1117 2825 1189 2886 quae
1214 2803 1256 2868 ad
1278 2806 1430 2888 patriam,

253 2911 306 2996 agi
336 2916 369 2975 et
400 2911 510 2975 statim
542 2911 697 2994 subsequi
728 2910 915 2976 tabularum
939 2931 1114 2975 aerearum
1138 2909 1306 2976 fabulam?
1351 2912 1429 2978 Non

252 3019 386 3082 minima
408 3018 508 3102 igitur
532 3039 631 3083 causa
654 3039 706 3083 me
729 3018 876 3102 impellit,
902 3017 1043 3082 utillud
1067 3039 1196 3101 quoque
1221 3017 1354 3084 falsario
1379 3026 1427 3084 at-

252 3126 403 3190 tribuam.
450 3125 560 3190 Huius
590 3127 674 3190 enim
703 3128 773 3190 sine
806 3125 906 3190 dubio
929 3126 1067 3189 multum
1099 3125 1247 3190 interfuit
1279 3147 1426 3211 narrare,

253 3233 351 3296 etiam
372 3230 565 3297 Acusilaum
598 3254 637 3296 ex
668 3233 808 3321 Boeotia
823 3233 981 3317 originem
1014 3233 1154 3314 duxisse,
1185 3238 1221 3296 ut
1251 3234 1430 3297 necessitu-

342 3429 386 3499 ¹⁴3)
406 3432 494 3481 Strab.
515 3433 549 3480 ιιι
568 3432 593 3492 2,
615 3431 648 3482 12
668 3447 692 3494 p.
707 3429 772 3494 4043
795 3433 912 3495 llesyclr.
933 3447 955 3482 s.
970 3448 993 3482 v.
1009 3430 1221 3500 ’Apyofla'avrora
1241 3459 1272 3467 -
1295 3431 1333 3483 Cf.
1354 3431 1426 3494 Lips.

254 3524 269 3573 Ι,
289 3523 306 3574 ι.
327 3522 440 3571 Cramer
459 3522 492 3570 ad
515 3521 657 3570 Strabonis
678 3523 694 3572 l.
714 3536 751 3571 c.:
774 3559 797 3586 „.
819 3559 824 3570 .
845 3559 850 3570 .
872 3561 878 3572 .
898 3522 965 3584 quid
986 3521 1083 3570 Strabo
1103 3520 1255 3582 scripserit,
1276 3521 1426 3570 incertissi-

253 3625 329 3661 mum
349 3610 419 3661 est“.
458 3609 578 3676 „Omnes
598 3611 766 3660 coniecturae
786 3612 821 3659 ad
841 3611 1050 3660 resarciendum
1070 3611 1145 3659 hunc
1163 3610 1257 3659 locum
1276 3611 1428 3674 propositae

252 3701 447 3751 incertissimas
468 3705 534 3750 sunt
553 3715 586 3749 ac
605 3714 703 3762 parum
723 3700 845 3750 felices“.

341 3787 385 3853 144)
406 3790 444 3842 Cl.
464 3790 520 3838 Αιι.
540 3791 589 3838 Αιι.
610 3791 655 3839 Vll
675 3787 718 3850 19,
745 3789 774 3840 2:
800 3790 848 3841 και
869 3789 917 3854 τὰς
935 3779 1095 3857 ἰιιρμοιιίοιι
1119 3787 1167 3839 και
1188 3787 1430 3858 Ἀριστογείτονος

252 3879 366 3944 εἰκόνας
384 3877 433 3943 τὰς
451 3875 565 3946 χαλκᾶς
577 3879 649 3929 οὕτω
664 3877 778 3948 λέγεται
792 3876 992 3946 ἀπενεχθῆναι
1006 3878 1098 3928 ὀπίσω
1118 3879 1147 3941 ἐς
1166 3874 1294 3945 Ἀθήνας
1313 3877 1361 3929 και
1382 3883 1430 3946 τῆς

252 3965 416 4036 Ἀρτέμιδος
435 3971 483 4034 τῆς
502 3963 648 4031 Κελκαίας
666 3967 696 4018 τὸ
715 3965 778 4032 ἔὸος
798 3965 962 4033 (Κελκαίας
986 3963 1046 4016 AB.
1085 3961 1175 4015 Ceteri
1194 3980 1258 4016 cum
1277 3967 1341 4019 Bas.
1361 3965 1430 4036 Κερ-

253 4057 343 4121 καίας.
366 4053 484 4121 Kereus
503 4057 532 4106 V.
569 4057 607 4105 Cf.
627 4057 774 4107 Wernicke
794 4071 837 4119 ap.
857 4055 1041 4120 Pauly-Wiss
1062 4069 1084 4104 s
1104 4070 1129 4104 v.
1151 4055 1270 4106 Artemis
1290 4070 1316 4118 p.
1336 4053 1428 4123 1389).

340 4142 385 4209 145)
406 4145 449 4195 Gr.
460 4142 543 4208 hittg.
554 4145 565 4193 l
576 4160 601 4208 p.
615 4143 705 4213 346ι7.
722 4145 853 4195 Similiter
862 4147 918 4195 iarn
932 4145 1042 4208 Lipsius
1054 4145 1070 4196 l.
1084 4158 1107 4193 c.
1118 4159 1145 4210 p.
1157 4143 1204 4196 la:
1220 4143 1316 4210 „Quod
1327 4145 1351 4194 si
1365 4145 1430 4207 quis

252 4235 368 4284 fabellas
388 4235 458 4284 istas
477 4234 612 4298 prooemio
631 4235 743 4284 cuidam
757 4235 982 4299 genealogiarum
1002 4234 1080 4282 libris
1101 4234 1135 4282 ad
1155 4219 1312 4296 augendam
1332 4247 1429 4283 eorum

253 4325 336 4375 tidem
348 4324 496 4387 praemisso
516 4324 636 4373 insertas
651 4323 831 4386 indidemque
843 4324 927 4374 etiam
941 4324 975 4373 de
990 4327 1103 4372 auctore
1117 4335 1214 4371 eorum
1228 4322 1429 4372 dubitationem

252 4418 346 4462 natam
365 4427 430 4463 esse
448 4413 606 4474 coniecerit,
627 4427 678 4476 ego
699 4427 753 4462 non
774 4413 952 4475 impediam“.

1357 4499 1375 4552 ι)
