3486 5116
763 447 981 508 ,γρ-

286 640 430 705 historiis
454 639 617 723 praecipue
642 637 782 702 favendi.
815 636 1019 721 Quamquam
1045 638 1218 705 historicus
1243 660 1307 703 non
1332 660 1460 723 semper

284 749 355 830 ipse
372 747 558 830 prosapiam
584 745 634 810 vel
658 745 800 810 fabulam
818 746 1009 823 immutavit,
1034 753 1143 811 tamen
1168 767 1207 810 en
1224 746 1360 811 diversis
1384 766 1456 810 nar-

284 854 478 918 ratiunculis
502 873 573 916 eam
598 852 718 934 eligere
743 852 835 934 solet,
861 874 933 936 quae
958 852 1101 918 consiliis
1117 853 1365 936 rationibusque
1389 854 1458 918 eius

284 961 424 1026 maxime
449 960 491 1024 sit
514 966 734 1024 consentanea
758 966 857 1042 atque
881 967 968 1043 apta.

374 1075 423 1140 At
445 1077 573 1140 initium
593 1075 710 1140 faciam
727 1076 768 1140 ab
785 1076 849 1139 illis
865 1075 1066 1161 fragmentis,
1090 1076 1124 1140 in
1141 1076 1258 1159 quibus
1274 1076 1459 1141 rationalis·

284 1205 382 1264 mum,
407 1205 504 1267 quern
521 1183 667 1261 dicimus,
681 1181 731 1248 vel
755 1191 843 1248 certe
868 1183 938 1247 eius
962 1183 1096 1266 vestigia
1114 1205 1246 1248 oausam
1270 1183 1457 1248 discedendi

286 1292 328 1356 ab
343 1289 492 1355 Hesiodo
510 1290 663 1372 detegere
680 1311 860 1372 possumus.
890 1288 974 1354 Sunt
990 1297 1099 1354 autem
1115 1288 1300 1372 baccam)
1326 1290 1404 1374 Frg.
1424 1294 1456 1353 l:

286 1395 456 1474 Omnibus,
482 1396 543 1460 diis
568 1395 762 1477 bominibus,
788 1398 941 1461 monstris
964 1396 1078 1461 bestiis
1102 1403 1211 1461 certus
1235 1396 1331 1461 datur
1355 1405 1456 1463 ortus

285 1501 420 1566 Incerta
443 1525 538 1585 quam
564 1509 662 1586 poeta
677 1502 803 1586 praebet
824 1500 996 1584 Cupidinis
1011 1502 1203 1586 genealogia
1218 1500 1376 1567 Acusilao
1393 1523 1458 1567 uon

285 1611 350 1673 iam
374 1609 500 1673 suffieit.
527 1647 567 1655 —
592 1608 667 1694 Frg.
685 1612 721 1672 2:
745 1607 898 1672 Titanum
923 1609 1088 1673 sororibus
1109 1629 1238 1692 quoque
1263 1630 1380 1674 nomen
1404 1609 1458 1672 de-

285 1716 391 1780 betur.
408 1753 452 1762 -
471 1716 545 1801 Frg.
565 1719 602 1780 5:
628 1714 828 1798 Scriptorem
845 1737 959 1780 revera
975 1714 1159 1780 Hesiodum
1173 1716 1334 1781 refutasse
1351 1716 1457 1801 posito

285 1843 324 1886 ac
348 1843 511 1901 concesso,
540 1822 686 1886 Acusilai
702 1821 925 1906 genealogiam
942 1844 980 1887 eo
997 1830 1102 1888 ortam
1120 1845 1190 1888 esse
1207 1824 1355 1906 suspicor
1370 1823 1457 1906 quod

286 1931 314 1993 ei
339 1929 486 2012 Phorcys
517 1928 631 1994 talium
662 1936 879 1994 monstrorum
913 1936 1007 2013 pater
1038 1931 1145 1994 notior
1177 1937 1263 1994 erat:
1295 1931 1355 1994 sibi
1380 1936 1457 1994 nota

284 2037 463 2120 conjungit.
487 2074 531 2083 -
554 2037 633 2119 Frg.
649 2041 682 2102 ἵε
709 2036 838 2119 Ubique
855 2043 978 2101 certum
997 2036 1154 2118 ordinem,
1171 2038 1457 2116 continuationem,

285 2143 421 2226 gradum
445 2145 588 2209 instituit
611 2144 841 2227 logographua
865 2183 908 2190 —-
932 2142 1010 2226 Frg.
1032 2146 1087 2208 10:
1111 2144 1184 2208 vide
1208 2144 1250 2208 ad
1274 2144 1334 2228 frg.
1363 2150 1390 2209 1.
1415 2182 1447 2190 -

285 2252 363 2335 Frg.
383 2254 439 2316 13:
463 2250 640 2315 Phaeacum
665 2251 784 2333 sedem,
810 2251 861 2315 cui
879 2248 1031 2338 Δρεπάνη
1046 2272 1164 2315 nomen
1188 2258 1269 2332 erat,
1294 2252 1458 2315 connectit

284 2380 356 2422 cum
382 2355 531 2443 δρεπᾶνῃ,
557 2379 622 2440 qua
644 2357 776 2422 Uranus
799 2358 968 2421 mutilatus
991 2356 1113 2421 fuerat:
1138 2359 1200 2423 sibi
1223 2365 1302 2421 nota
1326 2359 1458 2442 conjun-

284 2465 341 2546 git.
375 2501 414 2510 -
448 2465 526 2547 Frg.
555 2468 609 2529 15:
642 2464 769 2528 Auctor
792 2486 844 2528 res
868 2472 972 2546 notas,
1003 2465 1129 2529 etiarnsi
1153 2464 1322 2530 Hesiodus
1346 2486 1457 2529 earum

284 2571 482 2635 mentionem
506 2593 570 2635 nou
595 2571 728 2652 fecerat,
754 2577 844 2635 certo
867 2571 1011 2635 inserere
1036 2571 1141 2635 ordini
1166 2593 1297 2655 operam
1324 2570 1389 2636 dat.
1414 2610 1457 2616 —

284 2677 362 2759 Frg.
381 2681 438 2742 25:
464 2677 536 2742 vide
561 2678 601 2742 ad
626 2677 686 2760 frg.
706 2681 734 2743 1.
761 2715 801 2724 -
825 2676 904 2761 Frg.
922 2680 979 2741 26:
1005 2675 1073 2743 Sibi
1089 2685 1168 2743 nota
1185 2679 1363 2762 conjungit,
1386 2686 1457 2743 tau-

285 2806 355 2846 rum
380 2785 503 2849 scilicet
526 2786 694 2867 Europam
717 2785 898 2868 rapientem
923 2807 995 2849 oum
1021 2784 1160 2852 Cretico.
1208 2786 1282 2850 Non
1307 2785 1458 2869 luppiter

285 2891 371 2954 tauri
395 2890 499 2956 forma
522 2891 667 2974 indutus,
692 2891 748 2955 sed
761 2898 876 2956 taurus
889 2913 909 2955 a
922 2891 983 2956 deo
995 2892 1112 2956 missus
1129 2900 1269 2958 amatam
1283 2892 1400 2962 aufert,
1415 2931 1455 2938 —

285 2997 363 3081 Frg.
383 3001 439 3062 27:
463 2995 640 3062 Acusilaus
665 3000 809 3082 exponit,
833 3019 900 3062 our
917 2997 1057 3063 Coronis
1073 2998 1193 3083 Ischyn
1211 2998 1359 3082 Apollini
1374 3021 1454 3082 prae-

284 3104 411 3169 tulerit:
437 3125 543 3168 causae
567 3104 675 3169 allatae
692 3105 847 3187 indicant,
872 3112 1073 3190 quantopere
1090 3104 1239 3170 Acusilai
1262 3107 1456 3185 interfuerit,

284 3211 434 3276 fabulosa
467 3210 606 3276 abicere.
639 3251 681 3256 -
716 3211 794 3296 Frg.
821 3215 878 3276 32:
910 3211 1036 3277 Arietis
1059 3212 1162 3278 vellus
1186 3215 1268 3278 mari
1298 3235 1457 3298 purpura-

283 3325 352 3382 tum
388 3325 452 3383 est:
485 3321 641 3401 optimum
674 3319 895 3382 testimonium
927 3319 1035 3400 studii,
1067 3319 1187 3402 ubique
1218 3321 1286 3384 veri
1316 3321 1455 3404 speeiem

284 3426 447 3490 servandi.
467 3465 507 3473 —
525 3426 603 3509 Frg.
622 3429 679 3490 38:
705 3422 884 3509 Oreithyiae
901 3447 1020 3490 nomen
1037 3425 1227 3508 explicatur.
1245 3423 1380 3510 -Frg
1399 3430 1456 3492 39:

284 3531 495 3621 Nulla-actio
520 3534 589 3597 sine
614 3554 721 3597 eausa.
751 3569 785 3580 -
813 3533 955 3598 Restant
977 3533 1159 3618 fragmenta
1187 3538 1224 3598 11
1251 3537 1289 3598 19
1307 3537 1359 3618 23,
1384 3556 1455 3617 quae

283 3643 404 3720 tamen,
442 3661 514 3704 oum
550 3640 648 3704 etiam
678 3638 875 3722 Argivorum
910 3660 1019 3703 rerum
1055 3640 1234 3704 studiosum
1275 3647 1456 3705 monstrent

284 3745 486 3822 Acusilaum,
512 3746 607 3810 alteri
631 3747 827 3810 immisceam
854 3746 960 3810 classi.

374 3862 478 3929 Vides
501 3862 609 3947 igitur,
641 3869 722 3945 quot
749 3863 938 3927 testimonia
967 3863 1066 3927 studii
1098 3864 1206 3927 omnia
1241 3863 1283 3926 ad
1318 3863 1454 3927 rationis

283 3989 432 4032 normam
457 3968 617 4050 dirigendi
653 3968 746 4033 nobis
777 3977 951 4033 occurrant
982 3990 1040 4052 pro
1075 3976 1167 4034 tanta
1202 3970 1455 4056 fragmentorum

284 4074 460 4156 paucitate.

374 4288 418 4354 ¹⁶³)
439 4291 515 4351 Quod
537 4291 648 4354 singula
674 4291 769 4340 altirmt
797 4291 831 4339 ad
851 4306 885 4339 ea
904 4306 967 4353 quer
988 4292 1134 4354 bucusque
1161 4293 1281 4340 disserui
1309 4294 1456 4354 111111111-

285 4394 380 4429 rerum.
