3486 5116
794 448 1016 510 -84-

319 640 427 725 rydes,
445 639 649 724 Hellanicus,
666 639 854 707 Acusilas
871 640 933 705 fuit
952 641 1072 724 aliique
1091 642 1255 725 permulti,
1282 641 1358 709 talis
1381 650 1497 710 noster

320 747 404 814 Cato
428 753 462 812 et
483 746 598 814 Pictor
622 755 655 812 et
678 747 766 830 Piso,
792 748 848 832 qui
872 768 979 832 neque
996 755 1119 828 tenent,
1145 748 1264 832 quihus
1279 751 1378 815 rebus
1402 772 1495 816 orne·

319 863 373 917 tur
395 854 501 918 oratio
525 853 638 936 (modo
655 854 741 919 enim
764 851 828 918 huc
843 855 908 918 ista
931 859 1008 918 sunt
1021 854 1215 939 importata)
1238 861 1281 936 et,
1306 855 1382 921 dum
1399 855 1496 922 intel-

320 959 448 1044 ligatur,
474 961 552 1044 quid
576 960 696 1042 dicant,
720 981 818 1026 unam
844 959 973 1026 dicendi
996 960 1126 1026 laudern
1150 967 1270 1045 putant
1293 983 1365 1029 esse
1390 964 1496 1029 brevi-

319 1065 452 1130 tatem“.
499 1064 551 1132 Cf.
576 1067 676 1136 Dion.
701 1065 778 1132 Hal.
803 1065 879 1152 περὶ
905 1073 996 1134 θουκ.
1021 1088 1048 1138 c.
1074 1071 1104 1132 5.

407 1171 461 1237 De
485 1172 625 1238 dialecto
649 1171 800 1238 Acusilai
829 1193 869 1237 ex
892 1172 1083 1255 fragmentis
1111 1194 1161 1238 me
1187 1173 1266 1237 nihil
1291 1176 1415 1240 eruisse
1439 1175 1497 1240 do-

320 1276 438 1363 leo‚¹⁶⁹)
469 1279 589 1364 quippe
614 1300 752 1362 quorum
776 1278 933 1344 nonnulla
957 1279 1104 1362 quamvis
1128 1281 1270 1346 auctoris
1294 1287 1495 1364 contextum,

319 1386 397 1468 quin
421 1387 520 1450 etiam
543 1386 644 1451 verba
666 1385 845 1470 praebeant,
870 1392 980 1450 tamen
998 1387 1171 1470 genuinam
1187 1386 1325 1452 formam
1341 1409 1406 1452 non
1429 1389 1495 1452 iam

319 1491 503 1558 exhibeant.
551 1491 671 1558 Omnia
694 1493 779 1558 enim
803 1493 989 1576 fragmenta
1012 1514 1077 1557 non
1101 1493 1213 1558 formae
1239 1493 1367 1558 dicendi
1392 1516 1494 1560 causa

319 1600 457 1683 ideoque
481 1599 568 1683 apud
599 1600 838 1685 grammaticos,
872 1599 930 1664 scd
953 1607 1088 1684 propter
1118 1621 1172 1664 res
1195 1601 1236 1664 ab
1261 1608 1395 1666 auctore
1419 1623 1493 1666 nar·
1535 1669 1538 1674 ,

318 1713 408 1770 ratas
431 1705 526 1770 nobis
543 1713 672 1771 servata
695 1714 780 1772 sunt.
816 1707 1035 1772 Nihilominus
1052 1713 1199 1772 nostrum
1223 1707 1363 1773 dialecto
1379 1709 1497 1774 Ionica

319 1835 412 1877 usum
437 1834 508 1878 esse
539 1834 598 1896 pro
631 1819 720 1878 certo
751 1813 865 1879 haberi
896 1820 1006 1898 potest
1036 1821 1213 1898 propterea
1243 1815 1331 1897 quod
1361 1815 1493 1881 illorum

318 1928 499 2003 temporum
531 1941 635 2003 prosae
667 1922 844 2004 scriptores
868 1920 1015 1986 ionicam
1045 1920 1234 1986 adhibuisse
1264 1923 1351 1987 inter
1381 1943 1496 1988 omnes

319 2025 517 2114 constat.¹⁷⁰)

391 2134 457 2200 'At
480 2157 519 2200 ea
543 2157 615 2218 quae
640 2135 719 2200 mihi
743 2133 889 2200 effecisse
906 2136 1019 2200 videor
1042 2135 1186 2200 breviter
1202 2141 1358 2218 repetam.
1391 2136 1495 2218 Frag-

318 2249 428 2308 menta
444 2243 591 2307 Acusilai
607 2243 723 2325 Argivi
747 2242 854 2307 denuo
872 2242 1023 2325 suppleta
1046 2248 1202 2326 congesta
1218 2242 1391 2307 emendata
1407 2250 1493 2323 sunt,

318 2373 389 2434 quae
413 2351 498 2415 ratio
530 2352 680 2415 interea
709 2349 894 2415 intercedat
923 2348 1182 2414 demonstratum
1206 2357 1265 2417 est.
1312 2349 1492 2432 Fragmen-

319 2473 424 2524 torum
448 2458 544 2522 fidem
563 2479 634 2523 esse
660 2457 794 2540 exposui
819 2464 852 2521 et
876 2477 973 2539 quam
990 2457 1070 2522 artis
1085 2457 1337 2521 necessitudinis
1352 2457 1493 2520 vinculis

318 2565 493 2630 Acusilaus
524 2587 597 2630 oum
620 2565 769 2629 Hesiodo
792 2564 985 2648 conjunctus
1010 2564 1052 2629 sit
1076 2564 1219 2645 ostendi3
1252 2563 1392 2628 vidimus
1414 2585 1492 2626 vero

317 2679 463 2738 nostrum
487 2678 653 2737 auctorem
681 2677 812 2755 poetam
840 2692 905 2736 non
929 2671 1119 2754 simpliciter
1147 2671 1369 2756 exscripsisse,
1392 2671 1490 2734 immo

318 2779 487 2844 consilium
511 2779 675 2863 quoddam
699 2785 798 2862 atque
814 2779 984 2861 rationem,
1010 2778 1129 2861 quibus
1153 2784 1263 2842 tamen
1287 2779 1388 2843 ceteri
1412 2798 1492 2861 quo·

317 2906 381 2968 que
403 2885 490 2951 illius
514 2887 669 2970 temporis
694 2885 870 2969 scriptores
894 2906 960 2949 non
984 2891 1142 2965 carerent,
1175 2891 1323 2949 secutum
1347 2881 1490 2970 esse‚¹⁷¹)

317 3013 422 3076 neque
446 2992 567 3058 nullius
590 2993 689 3076 pretii
712 2993 868 3057 maiorem
892 3013 964 3057 esse
987 2991 1244 3076 fragmentorum
1267 2998 1394 3074 partem
1415 2991 1493 3055 mihi

318 3098 487 3169 concedes.
517 3101 690 3165 Interdum
714 3101 800 3165 enim
824 3100 1003 3164 stemmatis
1021 3099 1158 3164 alicuius
1181 3099 1305 3182 primus
1330 3105 1381 3164 est
1403 3096 1493 3162 Acu-

318 3206 418 3272 silaus
449 3213 547 3289 atque
579 3207 786 3292 gravissimus
810 3207 914 3287 testis,
948 3206 1133 3271 fabularum
1163 3205 1327 3288 praecipue
1350 3204 1493 3288 Argiva·

317 3334 389 3378 rum
412 3312 550 3378 frustula
575 3313 663 3379 solus
686 3314 782 3379 nobis
807 3314 957 3395 servavit,
982 3313 1061 3396 quin
1086 3313 1184 3376 etiam
1208 3311 1251 3376 ad
1264 3311 1405 3377 Hesiodi
1429 3311 1494 3376 lec·

317 3421 437 3484 tionem
456 3419 711 3486 confirmandam
728 3443 766 3486 eo
783 3422 831 3486 uti
847 3420 941 3486 licet:
966 3421 1013 3486 ita
1036 3426 1073 3484 ut
1096 3420 1208 3484 nobis
1232 3425 1320 3484 certe
1337 3440 1494 3503 respuen-
1541 3436 1547 3444 ·

318 3527 394 3590 dum
418 3528 460 3591 sit
482 3527 563 3592 illud
589 3527 800 3610 Tatiauiz¹³⁴)

406 3630 524 3722 ἒῤῥέτω
536 3635 590 3699 καὶ
602 3633 642 3698 τὰ
654 3625 908 3700 Ἀκουσιλάου
922 3633 1177 3721 μυθολογήματα
1192 3639 1494 3720 ...ααραχωραῦμεν

315 3733 391 3823 ὑμῖν
413 3740 454 3805 τὰ
476 3741 521 3830 μὴ·
546 3733 705 3830 ὠφέλιμα.

406 3850 458 3914 De
490 3848 639 3916 Acusilai
669 3850 810 3933 denique
841 3871 981 3933 persona
1012 3857 1106 3932 patre
1138 3855 1198 3918 eto.
1232 3848 1279 3913 nil
1310 3851 1391 3916 certi
1423 3849 1494 3914 erui

316 3977 413 4039 posse
438 3956 666 4036 demonstravi,
692 3956 846 4041 quoniam
870 3954 981 4021 Suidae
1005 3955 1087 4021 fides
1111 3956 1152 4020 sit
1177 3955 1379 4038 abroganda.

405 4097 451 4168 ¹⁶⁹)
470 4101 530 4152 Nisi
550 4102 619 4153 forte
633 4103 702 4152 illud
716 4099 912 4165 Ἀκουσίλεως
926 4101 975 4163 lrg.
989 4098 1017 4152 11
1031 4105 1058 4151 et
1071 4101 1214 4150 Menandri
1229 4101 1255 4164 (l.
1269 4099 1306 4167 c.)
1320 4101 1375 4149 huc
1387 4101 1505 4155 trahas„

409 4188 453 4256 ΠΟ)
473 4191 512 4240 Cf.
527 4191 554 4240 C.
569 4190 598 4240 Ο.
613 4191 735 4262 Mueller,
751 4192 768 4243 l.
782 4204 820 4252 ας
842 4189 980 4239 Schwartz
1000 4205 1043 4254 ep.
1058 4189 1240 4254 Pauly-Wiss
1255 4204 1278 4238 S.
1293 4205 1317 4239 v.
1332 4189 1493 4240 Akusilaus.

406 4277 451 4346 ¹⁷¹)
471 4281 566 4343 ltaque
583 4282 704 4331 absurde
723 4277 894 4330 iudicavisse
907 4281 1046 4330 concedes
1064 4279 1266 4330 Hiillmannum
1285 4279 1302 4327 1.
1318 4280 1334 4331 Ι.
1354 4293 1379 4341 p.
1394 4275 1447 4331 155
1468 4293 1491 4326 s.
