3486 5116
753 442 972 502 ..15-

363 633 598 716 Fragmentum
630 641 687 698 aut
719 633 944 716 Cosmogoniae
974 634 1027 718 (cf.
1052 634 1134 702 Hes.
1160 633 1221 700 Th.
1246 635 1325 718 267)
1356 636 1448 699 attri-

274 738 439 803 buendum
464 749 521 819 est,
547 741 635 824 quod
666 763 717 806 me
749 742 879 824 quidem
904 742 1023 822 arrisit,
1056 757 1112 806 aut
1136 743 1316 806 narrationi
1339 739 1447 806 rerum

275 846 315 910 ab
339 846 486 912 Hercule
510 857 684 930 gestarum.

273 1073 280 1080 .
340 990 462 1074 ‚Fi-g.
486 991 513 1054 5
538 990 587 1076 (5)
610 993 758 1096 feriol.
783 992 932 1074 Apellea.
959 993 1017 1058 lto.
1044 995 1122 1074 Arp.
1149 999 1181 1058 A
1203 949 1288 1057 898:
1330 1089 1357 1098 ..

363 1112 532 1198 Apollonii
556 1138 668 1180 versus
692 1125 767 1182 sunt
790 1118 877 1184 hice:

363 1240 415 1295 828
435 1239 576 1310 Σκύλλης
594 1240 740 1310 Αὐσονίης
759 1242 944 1312 ὀλοόφρονος,
965 1245 1000 1312 ἣν
1019 1246 1080 1294 τέκε
1099 1242 1198 1312 Φόρκῳ

434 1329 608 1395 νυκτιπόλος
626 1330 734 1399 Ἑκάτη,
755 1335 805 1399 την
824 1351 852 1383 τε
871 1320 1003 1384 κλείουσι
1022 1331 1175 1402 Κράταιιν.

366 1416 473 1488 Φόρκυι
491 1422 640 1474 Wellaner.

363 1525 477 1614 ἥντέκε
491 1527 613 1614 Φόρκῳ]
623 1519 864 1606 Ἀκουσίλαος
876 1528 1032 1613 Φόρκυνος
1040 1530 1094 1593 καὶ
1103 1522 1299 1615 Ἐκάτηςτην
1310 1527 1449 1592 Σκύλλαν

273 1635 367 1720 λέγει,
384 1629 522 1722 (Όμηρος
545 1638 581 1718 (μ
601 1637 677 1722 124)
701 1636 734 1701 (li
758 1628 813 1718 οάχ
831 1630 972 1723 Ἑκάτην,
1004 1629 1084 1700 dih}
1108 1635 1275 1721 Κράταιιν.
1300 1628 1447 1722 clarmont-

274 1766 342 1825 ραις
358 1730 412 1806 οάν
422 1735 634 1820 Ἀπολλώνιος
648 1744 935 1832 κατηκολούθησεν.
961 1743 993 1810 ἐν
1009 1745 1042 1808 dl·
1058 1757 1130 1821 ταῖς
1146 1744 1310 1828 Μεγάλαις
1326 1734 1449 1820 Ἠοίαις

274 1851 369 1934 (Hes.
394 1850 455 1933 frg.
484 1851 595 1936 15025)
621 1850 800 1936 Φόρβαντος
822 1853 876 1916 καὶ
899 1845 1033 1938 Ἑκάτης
1055 1845 1074 1940 ι)
1098 1852 1229 1916 Σκύλλα.
1366 1851 1401 1914 L.

363 1977 386 2027 1.
406 1974 599 2041 Ἀκουσίλαος
617 1979 673 2046 μὲν
692 1979 744 2029 οὖν
764 1995 787 2042 p.
810 2009 836 2014 -
858 1980 1077 2029 Florentinorum
1102 1979 1131 2044 (f)
1152 1955 1182 2028 et
1197 1979 1387 2026 Parisinorum
1408 1977 1447 2042 (p)

272 2063 442 2114 scholiorum
463 2073 523 2115 tum
542 2069 625 2117 modo
649 2069 786 2131 adscripsi
805 2069 948 2128 lectiones,
976 2083 1041 2117 eum
1061 2069 1135 2131 digni
1156 2067 1261 2130 aliquid
1281 2080 1448 2115 commemo·

273 2159 334 2203 ratu
353 2157 523 2218 praebebant.
543 2172 560 2219 p
580 2159 744 2220 plerumque
764 2158 871 2222 (forma)
892 2173 909 2208 a
927 2160 946 2206 L
965 2163 992 2208 et
1012 2159 1022 2206 i
1039 2158 1164 2207 discedit.

363 2261 401 2325 In
428 2284 467 2327 ea
490 2269 583 2346 parto
615 2265 727 2329 scholii
761 2287 858 2348 quam
889 2265 1054 2347 exscripsi,
1088 2270 1156 2327 tres
1180 2261 1297 2346 Scyllae
1331 2284 1447 2345 genea-

272 2368 366 2452 logiae
382 2370 468 2434 inter
493 2392 526 2434 se
551 2371 708 2454 oppositae
725 2377 814 2436 sunt:
839 2372 987 2436 Acusilai
1005 2373 1060 2454 qui
1076 2371 1269 2453 Phorcynos
1285 2368 1445 2433 Hecates-

273 2474 389 2559 que,²⁷)
408 2475 546 2541 Homeri
563 2478 618 2560 qui
636 2476 808 2542 Crataeidis
826 2479 944 2561 (patris
961 2499 1078 2542 nomen
1095 2476 1281 2562 omittitur),
1305 2476 1446 2540 Hesiodi

273 2582 412 2666 denique
437 2585 491 2666 qui
514 2584 713 2649 Phorbantis
736 2585 946 2669 Hecatesque
970 2585 1071 2649 filiam
1095 2606 1167 2648 eam
1192 2582 1323 2654 dicibili
1356 2583 1444 2646 Aou-

273 2689 345 2752 silai
368 2696 466 2773 atque
491 2691 629 2756 Homeri
660 2694 840 2758 sententias
868 2715 982 2757 revera
1015 2693 1100 2756 sicut
1124 2691 1271 2755 scholion
1302 2691 1380 2754 dicit
1404 2690 1446 2753 ab

271 2795 449 2879 Apollonio
466 2797 596 2862 Rhodio
621 2801 725 2882 primo
751 2822 821 2864 esse
839 2801 1076 2864 contaminatas
1101 2820 1139 2863 eo
1164 2799 1333 2880 probatur,
1358 2797 1445 2881 quod

272 2902 340 2966 baec
365 2905 596 2970 contaminatio
621 2914 696 2970 ante
722 2929 793 2972 eum
818 2929 883 2972 non
905 2908 1078 2972 invenitur.

362 3010 436 3075 Hoc
460 3011 531 3077 loco
549 3016 730 3078 summatim
749 3016 913 3080 monuisse
937 3015 1016 3080 satis
1033 3012 1148 3091 babae,
1174 3012 1313 3076 fortasse
1330 3010 1446 3076 Acusi-

271 3117 359 3183 laum
384 3119 460 3183 olim
485 3120 599 3184 eadem
627 3128 726 3204 atque
750 3121 890 3206 Magnas
913 3122 1022 3186 Eoeas
1051 3120 1241 3204 praebuisse.
1290 3117 1445 3184 Ceterum

271 3224 311 3291 cf.
329 3247 399 3309 cap.
416 3225 483 3290 III.
512 3225 609 3310 Quod
633 3229 660 3292 si
684 3230 756 3311 quis
779 3229 918 3311 probare
942 3229 1040 3306 nolet,
1066 3227 1204 3291 fortasse
1228 3227 1302 3290 ideo
1327 3224 1447 3290 Acusi-

271 3333 359 3398 laum
383 3334 423 3398 ab
451 3333 638 3418 „Hesiodo“
666 3336 852 3400 discessisse
878 3335 973 3417 dicet,
998 3335 1085 3418 quod
1110 3342 1143 3399 et
1165 3334 1366 3398 Phorbantis
1389 3355 1446 3397 no·

272 3463 345 3504 men
370 3441 398 3505 ei
423 3463 488 3505 non
519 3445 598 3508 satis
622 3449 734 3507 notum
759 3451 830 3507 erat
854 3450 887 3507 et
909 3444 943 3506 in
968 3443 1055 3507 fonte
1080 3443 1150 3506 eius
1174 3440 1257 3525 (scil.
1282 3439 1446 3525 Hesiodo)

272 3570 386 3613 revera
414 3549 494 3614 talia
525 3557 671 3615 monstra
703 3573 743 3615 ex
772 3550 944 3633 Phorcyne
975 3550 1133 3633 originem
1163 3548 1328 3612 ducebant
1351 3546 1444 3628 (Hes

272 3655 332 3720 Th.
358 3659 423 3721 270
447 3657 514 3742 ss).
563 3656 644 3741 Quae
669 3665 777 3723 tamen
807 3658 915 3740 opinio
945 3659 1075 3721 minime
1101 3678 1151 3720 me
1176 3655 1300 3720 arridet
1324 3657 1445 3738 quippe

272 3785 336 3846 qua
359 3786 425 3828 non
450 3765 639 3848 explicetur,
673 3787 731 3829 cur
754 3764 902 3830 Acusilai
936 3765 1098 3829 sententia
1122 3763 1253 3847 totiens,
1285 3782 1446 3844 nusquam

271 3892 346 3934 vero
370 3871 511 3936 Hesiodi
535 3872 622 3955 apud
646 3879 795 3955 posteros
818 3872 956 3956 legatur.

359 4049 396 4113 2⁶)
417 4054 516 4113 Rzach,
538 4055 601 4104 lles
622 4070 715 4116 carm,
737 4056 808 4118 Lips.
829 4053 906 4108 1902.

359 4137 392 4209 ²⁷)
412 4143 488 4192 ldem
507 4144 619 4193 exhibet
638 4145 725 4194 schol.
747 4146 825 4193 llom.
845 4163 868 4212 μ
886 4143 920 4196 85
940 4143 1099 4208 (Dionysius
1119 4140 1283 4205 myrhogrff)

358 4229 392 4298 2⁸)
413 4234 480 4282 Filia
498 4239 541 4283 est
560 4235 662 4283 Lamiae
682 4249 725 4297 ap.
745 4235 819 4284 Eust.
840 4250 867 4297 p.
883 4233 963 4294 1714,
983 4232 1026 4292 34,
1048 4231 1199 4282 Crataeidis
1219 4246 1262 4293 ap.
1283 4231 1352 4279 Plin.
1367 4229 1398 4278 N.
1413 4229 1444 4276 ll.

271 4321 307 4370 lli
322 4319 363 4382 10,
383 4323 523 4385 Typhonis
543 4328 569 4373 et
589 4324 719 4373 Echidnae
739 4339 782 4388 up.
803 4326 870 4388 llyg.
889 4340 915 4387 p.
934 4324 976 4386 12,
998 4323 1045 4386 173
1066 4322 1109 4384 25,
1130 4319 1178 4384 15;
1199 4319 1259 4382 108,
1280 4317 1328 4383 15;
1355 4319 1446 4368 Crata-

270 4412 342 4461 eidis
361 4427 404 4476 ap.
425 4415 545 4462 eundem
565 4429 590 4477 p.
612 4413 672 4475 127,
693 4413 709 4464 3
730 4415 821 4464 Schm.
