3486 5116
725 431 946 492 „47-

248 615 301 687 iiie
325 622 420 686 θέλοι
445 614 581 688 ὀλέσθαι
605 622 640 708 (1.
662 624 695 706 5)
720 630 877 689 nontam
901 629 1068 687 auctorem
1093 644 1188 705 quam
1212 622 1423 688 scholiastam

248 728 336 792 olere
360 729 479 812 probat
503 729 640 814 Dyscoli
663 752 786 809 versus,
811 732 927 817 ταμίης
950 730 1050 811 igitur
1074 751 1135 794 vox
1159 751 1224 794 non
1249 730 1355 794 minus
1380 729 1423 794 ed

247 834 379 899 modum
403 837 518 901 mortis
541 858 638 920 quam
661 837 703 902 ad
727 838 901 902 terminum
926 836 1042 902 referri
1065 843 1184 921 potest.

338 941 440 1008 Genti
456 943 553 1008 alicui
570 944 660 1009 Eleae
676 943 893 1027 fragmentum
910 945 1056 1027 assign03
1073 966 1147 1007 nam
1165 965 1237 1027 quae
1255 944 1295 1008 de
1312 943 1423 1027 Endy-

248 1049 355 1114 mione
383 1071 449 1114 non
480 1057 612 1134 pastore
643 1089 686 1098 —
717 1073 793 1116 nam
822 1051 875 1115 hio
905 1052 939 1114 in
969 1050 1081 1134 mytho
1112 1051 1304 1134 genealogia
1335 1057 1425 1116 certe

248 1156 382 1239 gloriari
408 1179 474 1222 non
503 1164 635 1242 poterat
664 1196 708 1206 —
741 1158 799 1224 sed
829 1159 915 1241 regis
946 1158 1012 1222 filio
1042 1158 1261 1241 proferuntur,
1292 1158 1423 1222 Elidem

247 1262 342 1328 nobis
365 1265 521 1334 indicant.
561 1264 684 1330 Aeoles
709 1287 748 1330 ex
772 1265 944 1330 Thessalia¹
967 1265 1097 1329 Elidem
1121 1265 1214 1329 duxit
1237 1265 1424 1349 Endymion

248 1369 418 1456 (Apollod.
443 1372 464 1440 l.
488 1372 535 1457 l),
559 1373 616 1437 ubi
639 1395 775 1456 regnum
800 1372 1008 1456 obtinuit.¹⁰⁵)

336 1532 434 1618 urg.
471 1533 528 1598 35
565 1537 637 1617 (153
676 1532 742 1598 los.
783 1534 958 1617 epitomem
998 1538 1190 1616 ceterosque
1230 1533 1320 1598 locos
1360 1556 1422 1598 om.

248 1638 391 1723 Muell.):

336 1800 463 1882 rosept.
489 1801 599 1884 flutio.
624 1802 699 1870 lud.
724 1803 742 1866 I
765 1805 797 1883 3,
828 1805 849 1866 9
881 1806 910 1868 et
934 1820 974 1866 αι
996 1820 1032 1867 eo
1055 1802 1119 1866 los.
1146 1801 1221 1869 Aut.
1250 1801 1322 1868 leid.
1346 1801 1423 1882 epit.

247 1908 266 1972 l
289 1910 348 1973 107
371 1913 401 1974 el
426 1910 487 1973 108
510 1907 549 1996 (=
571 1908 654 1973 Hes
678 1908 739 1993 frg.
766 1908 861 1994 256):

337 2076 542 2154 Μαρτυροῡσι
565 2068 599 2133 δέ
613 2092 676 2151 μου
699 2077 746 2155 τῷ
769 2068 854 2155 λόγῳ
878 2068 959 2155 (scil.
977 2069 1050 2134 No‘e'
1066 2075 1248 2151 nongentos
1265 2069 1424 2151 quinqua-

247 2176 338 2259 ginta
368 2197 472 2241 annos
502 2175 632 2241 demum
661 2183 737 2260 post
770 2176 925 2241 dilnvium
957 2176 1042 2240 diem
1074 2197 1259 2259 supremum
1291 2176 1422 2259 obiisse)

247 2283 293 2367 (in
320 2285 395 2366 epit.
421 2285 529 2348 statim
554 2285 686 2348 nomina
708 2285 813 2367 sequ.)
837 2282 957 2359 πάντες
973 2281 1004 2346 οἱ
1020 2274 1098 2368 παρ’
1114 2276 1244 2369 Ἕλλησι
1270 2284 1324 2346 καὶ
1343 2287 1422 2365 βαρ-

246 2389 357 2476 βάροις
391 2389 657 2476 συγγραψάμενοι
687 2389 746 2468 τὰς
775 2382 1009 2477 α’ρχαιολογίας·
1045 2391 1241 2476 (sequuntur
1276 2390 1422 2476 nomina)

375 2506 589 2585 συμφωνοῦσι
617 2508 687 2574 τοῖς
716 2489 774 2562 ὑπ’
806 2496 883 2580 ἐμοῦ
913 2498 1096 2582 λεγομένοις
1125 2489 1272 2574 Ἡσίοδός
1303 2521 1338 2562 τε
1368 2498 1452 2561 καὶὸ

245 2596 412 2682 Ἑκαταῖος
441 2606 513 2689 (frg.
538 2605 617 2692 365)
642 2606 696 2669 καὶ
718 2599 899 2682 Ἑλλάνικος
922 2606 994 2689 (frg.
1020 2605 1078 2690 89)
1101 2605 1155 2669 καὶ
1177 2596 1424 2684 Ἀκουσίλαος

246 2712 301 2776 καὶ
326 2711 406 2798 τορὸς
429 2711 556 2790 τούτοις
573 2705 714 2800 Ἔφορος
737 2713 884 2797 (11314)
908 2713 962 2776 καὶ
986 2711 1146 2789 Νικόλαος
1167 2712 1240 2796 (frg.
1259 2714 1315 2795 91)
1332 2710 1423 2776 ἱστο-

247 2827 339 2905 ροῦσι
370 2821 475 2903 (epit.:
506 2821 709 2885 enuntiatum
733 2820 827 2889 relat.
854 2818 966 2905 οἳ...)
996 2817 1071 2896 τοῖς
1094 2810 1245 2904 α’ρχαίους
1268 2818 1426 2904 ζήσαντας

248 2924 302 3014 ἔτι)
322 2926 420 3008 χίλια.

338 3090 448 3152 losepui
474 3091 566 3139 locum
592 3091 627 3138 ad
653 3091 768 3138 verbum
794 3089 1004 3152 exscripserunt
1032 3090 1072 3139 lo,
1099 3091 1258 3141 Laurent.
1285 3091 1362 3153 Lyd.
1388 3091 1425 3138 de

247 3195 336 3230 mens.
357 3178 429 3229 1115
456 3177 493 3243 (p.
512 3177 556 3238 39,
578 3178 611 3230 18
631 3175 796 3245 Wuensclr);
817 3179 891 3228 Eus.
917 3193 1002 3241 praep.
1030 3193 1072 3230 ev.
1092 3179 1126 3227 lll
1146 3177 1180 3229 13
1200 3193 1225 3240 p.
1245 3176 1298 3230 415
1320 3180 1352 3238 D;
1373 3180 1425 3229 Ge.

249 3269 433 3334 syncellus
460 3268 609 3330 chronogr.
628 3283 655 3332 p.
675 3266 710 3320 43
730 3268 758 3316 Β.
779 3267 931 3316 Eusebium
951 3267 1100 3330 exscripsit
1126 3267 1261 3318 Simeon
1289 3269 1424 3330 Logoth.

247 3360 275 3408 in
303 3359 392 3408 Crem.
418 3359 520 3409 Anecd.
546 3358 606 3409 Pur.
633 3358 643 3405 Ι
670 3357 718 3408 14;
745 3358 772 3407 ol
799 3355 828 3407 δὲ
854 3355 887 3406 τὰ
916 3354 1036 3406 Φοινικὰ
1063 3357 1303 3425 συγγραψάμενοι
1330 3357 1428 3409 ‘Holo-

248 3446 296 3512 δός
315 3465 343 3498 τε
370 3444 431 3497 κτλ.
470 3448 519 3497 Ge.
541 3447 729 3507 Cedreaus,
757 3447 857 3498 Hister.
886 3447 980 3508 Comp.
1007 3460 1032 3508 p.
1054 3446 1085 3496 11
1107 3447 1124 3495 b
1144 3447 1173 3506 C,
1201 3447 1243 3496 ed.
1272 3447 1385 3496 Bekker.
1413 3448 1424 3495 1

267 3576 272 3588 .
294 3536 337 3598 23,
358 3536 400 3589 15.

248 3554 265 3601 p
336 3625 361 3678 5.
381 3625 524 3690 Ἡσίοδος]
552 3628 586 3675 ad
613 3625 693 3688 Oper.
717 3623 767 3676 130
793 3627 930 3688 pertinere
956 3625 1117 3687 suspicatur
1143 3626 1222 3674 llink.
1244 3624 1307 3673 EGF
1334 3623 1428 3677 1166.

382 3717 511 3765 Fortasse
531 3716 633 3764 addere
653 3715 717 3764 licet
736 3714 785 3777 Op.
806 3713 857 3766 113
877 3729 912 3763 s.:
938 3711 1008 3764 οὐδέ
1025 3731 1051 3763 τι
1071 3711 1171 3764 δειλὸν
1190 3718 1280 3781 γῆρας
1299 3715 1428 3780 ἐπῆν...

337 3856 419 3941 Quae
444 3863 613 3921 auctorum
631 3856 742 3936 series,
768 3878 864 3938 quam
889 3857 1007 3921 iterum
1027 3856 1210 3938 iterumque
1228 3856 1425 3938 exscriptam

248 3963 533 4048 deprehendimus²
558 3963 646 4028 haud
671 3962 769 4027 dubie
794 3985 834 4028 ex
857 3963 961 4027 lexico
985 3961 1127 4045 quodam
1145 3960 1340 4044 deprompta
1364 3968 1425 4027 est.

246 4071 318 4138 Iam
343 4093 430 4155 vero,
462 4071 625 4154 quomodo
651 4070 733 4136 tales
764 4070 841 4134 sacti
873 4071 938 4135 siut
968 4069 1120 4152 catalogi,
1152 4090 1247 4133 nemo
1273 4075 1323 4133 est
1346 4069 1425 4152 quin

248 4180 345 4244 sciat:
369 4180 478 4244 omnia
502 4201 574 4263 quae
599 4177 731 4261 aliquod
749 4177 968 4242 similitudinis
988 4176 1159 4258 vestigium
1176 4175 1326 4258 praebent
1350 4197 1427 4240 eon-

337 4375 380 4441 105)
402 4379 473 4440 lhyc.
495 4379 545 4442 lrg.
564 4376 598 4430 43
618 4378 716 4442 Bergk.
