3486 5116
757 461 979 522 --69-

282 655 386 719 cedat.
435 655 470 738 3)
495 653 702 717 Arestoris
735 659 781 730 (ct
805 653 901 716 liuius
929 651 1060 734 quidem
1084 651 1288 734 plerumque)
1321 660 1354 716 et
1378 653 1455 736 My-

281 783 385 826 cenae
410 760 524 825 Inachi
548 760 623 840 filiae
646 760 680 823 in
703 759 816 823 Eoeis.
865 756 946 842 Quae
970 757 1109 822 fortasse
1132 757 1289 824 Acusilao
1313 763 1455 844 propriae

281 867 480 950 genealogia
503 865 725 951 proponendae
755 865 854 930 fuerit
878 887 985 942 causa,
1015 888 1046 949 p.
1072 867 1114 929 33
1139 868 1283 949 exposui.
1308 907 1351 912 —
1374 867 1454 946 Fra.

282 978 334 1038 23,
359 1013 402 1020 -
425 973 512 1057 Frg.'
530 978 587 1038 26:
612 971 708 1057 Quod
732 995 798 1036 non
814 972 941 1055 Iupiter
963 973 1043 1055 ipse,
1069 972 1126 1036 sed
1151 981 1263 1037 taurus
1287 975 1455 1058 Europum

282 1079 398 1158 aufert,
431 1080 579 1145 Acusilai
610 1087 736 1144 naturae
767 1087 838 1144 tam·
863 1086 1118 1144 consentancum
1149 1087 1198 1144 ost
1230 1089 1262 1144 et
1293 1102 1312 1144 a
1343 1081 1456 1147 fabula

283 1188 406 1269 vulgari
429 1194 601 1270 tantopere
626 1186 791 1267 abhorret,
817 1193 853 1250 ut
876 1186 951 1249 huic
975 1185 1070 1251 classi
1094 1185 1310 1270 fragmentum
1335 1189 1454 1252 immis-

281 1315 382 1358 ceam.
416 1293 638 1358 Confirmatnr
653 1300 791 1378 tantum,
809 1315 872 1358 non
891 1293 1088 1358 discernitur
1104 1292 1165 1357 hoc
1181 1293 1336 1358 iudicium
1354 1295 1453 1360 schol.

284 1401 379 1470 Hom.
405 1404 537 1482 11292,
568 1401 601 1464 in
626 1421 691 1484 quo
715 1399 792 1483 quid
823 1421 938 1464 revera
960 1399 1100 1463 Hesiodi
1125 1400 1167 1465 sit
1190 1401 1268 1483 quid
1293 1424 1452 1484 grannna-

280 1509 336 1573 tici
375 1508 583 1587 „historiam“
621 1506 822 1586 fabricantis
859 1505 1081 1570 difficillimum
1117 1513 1166 1570 est
1202 1508 1364 1590 explicatu
1400 1509 1453 1590 (cf.

281 1615 352 1679 adn,
374 1615 441 1698 80).
466 1652 509 1659 -
532 1613 610 1696 Frg.
629 1616 684 1677 32:
711 1613 825 1681 Vellus
850 1613 911 1677 fuit
928 1634 1062 1678 aureum
1087 1635 1126 1676 ex
1143 1613 1280 1678 Hesiodi
1305 1615 1377 1699 (frg.
1397 1618 1454 1700 51)

281 1729 400 1786 mente.

829 1879 900 1946 ΙΙΙ.

370 2024 425 2089 Ad
448 2025 579 2089 tertiam
611 2023 747 2088 classem
780 2023 953 2089 referenda
976 2030 1065 2096 sunt:
1086 2104 1092 2114 „
1114 2024 1190 2106 Frg.
1221 2031 1251 2088 1:
1299 2023 1455 2107 Quamvis

280 2139 392 2202 noster
415 2130 556 2196 Platone
572 2137 657 2195 teste
674 2152 746 2195 cum
763 2135 861 2212 poeta
877 2133 1063 2212 congruerit
1087 2137 1121 2194 et
1143 2151 1257 2196 revera
1281 2137 1454 2215 utrumque

280 2238 390 2302 Chaos
414 2259 522 2302 rerum
539 2237 750 2321 primordium
767 2237 920 2301 habuisse
944 2237 1187 2301 concedendum
1212 2237 1263 2320 sit,
1288 2244 1397 2302 tamen
1422 2240 1454 2303 in

282 2345 453 2428 Cupidinis
476 2345 668 2429 parentibus
698 2343 873 2408 afferendis
896 2343 1073 2409 Acusilaus
1097 2345 1138 2408 ab
1162 2344 1311 2409 Hesiodo
1336 2345 1455 2410 disces·

282 2451 392 2534 sitm)
416 2491 459 2498 —
483 2453 562 2534 Frg.
589 2456 623 2515 2:
652 2449 826 2516 Τιτανίδων
848 2453 979 2516 nomine
1003 2452 1171 2519 Hesiodus
1202 2451 1345 2516 nondum
1378 2474 1456 2516 usus

281 2579 352 2623 esse
376 2558 515 2622 videtur.
548 2556 658 2640 Quare
682 2557 723 2622 ab
742 2557 896 2623 Acusilao
921 2559 1107 2642 appositum
1131 2565 1195 2622 est:
1221 2559 1376 2640 optimum
1402 2581 1455 2622 ex-

282 2665 422 2747 emplum
449 2672 529 2729 artae
553 2663 814 2729 necessitudinis.
840 2703 882 2712 -
906 2664 984 2754 Frg,
1003 2669 1037 2732 5:
1062 2663 1177 2748 Scyllae
1203 2672 1341 2730 matrem
1366 2673 1470 2738 uter<

280 2793 343 2855 que
368 2771 504 2836 eandem
532 2770 686 2854 appellat,
715 2771 748 2834 in
773 2772 877 2853 patris
900 2793 976 2836 vero
1007 2773 1137 2837 nomine
1168 2771 1341 2836 referendo
1366 2771 1455 2836 diffe-

281 2886 356 2943 runt
379 2893 539 2943 auctores.
572 2878 612 2941 Id
637 2878 724 2960 quod
749 2898 860 2942 eorum
885 2880 1054 2943 sententiae
1079 2879 1249 2942 simillimae
1274 2878 1455 2961 deprehen-

281 2985 411 3063 duntur,
442 2985 658 3067 suspicionem
690 2984 769 3047 milri
799 2985 936 3049 movisse
967 2985 1135 3049 confiteor.
1183 2983 1280 3067 Quod
1304 2986 1389 3049 enim
1413 2985 1454 3050 ad

280 3092 393 3156 matris
410 3075 673 3174 appellationem,
691 3076 1046 3174 uterque'Homero
1063 3099 1276 3176 repugnat3
1293 3098 1455 3175 praeterea

282 3195 438 3284 Φόρκυνος
469 3199 539 3262 voci
563 3219 628 3262 non
659 3219 793 3280 parvam
825 3220 897 3262 cum
923 3196 1101 3282 Φόρβαντος
1125 3198 1282 3262 vocabulo
1307 3198 1455 3263 similitu·

281 3305 388 3369 dinem
420 3326 492 3370 esse
522 3305 623 3373 vides.
671 3303 737 3370 Sed
767 3304 894 3370 accedit
929 3305 1018 3369 aliud
1048 3305 1147 3388 idque
1179 3306 1281 3370 multo
1312 3307 1453 3388 gravius.

279 3411 397 3476 Nonne
434 3411 527 3476 valde
562 3411 745 3475 mirandum
781 3419 841 3494 est,
877 3433 936 3476 nos
971 3412 1194 3476 Phorbantem
1229 3411 1291 3476 hoc
1326 3417 1454 3476 tantum

281 3517 402 3582 scholio
427 3524 460 3580 et
482 3517 678 3600 Magnarum
696 3520 851 3582 Eloearum
876 3519 1010 3582 carmini
1035 3518 1095 3582 soli
1111 3517 1230 3601 Scyllae
1254 3527 1381 3600 patrem
1406 3527 1454 3583 at·

279 3625 436 3689 tributum
450 3625 605 3707 reperire,
619 3625 695 3688 dum
708 3625 855 3708 Phorcys
868 3626 1003 3689 monstri
1011 3631 1106 3708 pater
1117 3631 1166 3690 est
1178 3625 1389 3690 tritissimus?
1399 3623 1452 3708 150)

368 3855 415 3921 149)
436 3859 548 3919 Tamen,
574 3860 598 3908 si
617 3859 665 3908 Tu.
686 3858 737 3913 123
757 3875 795 3909 ss.
816 3860 843 3909 in
864 3861 1099 3923 comparationem
1125 3861 1277 3918 vocareris,
1305 3861 1452 3920 concedam

281 3951 334 3996 nun
354 3948 544 4011 geriealogiam
563 3963 628 3998 eum
648 3951 771 4011 praebere
791 3963 854 4013 quae
874 3950 908 3998 ab
928 3950 1049 3999 Hesiodo
1068 3951 1150 4012 plane
1170 3949 1324 3998 alrlrorreat.

368 4033 412 4101 1⁵0)
432 4037 544 4100 Dionys.
559 4037 651 4100 (alar)
673 4038 753 4102 lrg.8
772 4039 869 4107 (schol.
890 4040 960 4088 llom
982 4056 1013 4107 μ.
1026 4036 1071 4102 85)
1095 4035 1240 4107 Φόρκυνος
1253 4035 1385 4106 θυγάτηρ
1405 4039 1453 4089 καὶ

277 4117 495 4192 (Εκοὶτης,·Αρᾰ.
515 4141 558 4188 ep.
578 4127 603 4186 7,
624 4125 659 4178 “20
677 4124 853 4196 Κραταιίόος
945 4125 1069 4197 Τριήυου
1089 4130 1106 4193 ἢ
1130 4124 1257 4196 Φόρκου,Ι
1276 4128 1363 4176 schol.
1385 4129 1453 4179 Plat.

280 4215 355 4264 Polit
371 4215 405 4262 lx
418 4229 444 4277 p.
458 4213 511 4267 419
530 4212 571 4265 ed.
591 4212 679 4268 Bekk.
700 4214 848 4286 Κραταίας
867 4216 915 4268 καὶ
938 4214 1119 4286 Τυρρήνουῆ
1136 4214 1262 4284 Φόρκου,·
1282 4216 1356 4265 Eust.
1373 4219 1451 4266 lloni.

280 4319 304 4366 p.
328 4303 403 4364 1714,
424 4303 459 4355 30
480 4302 626 4373 Φόρκυνος
652 4304 700 4355 καὶ
719 4299 858 4372 Ἑκάτης·
882 4307 968 4356 Tzetz.
989 4309 1050 4370 Lyc.
1070 4305 1105 4359 45
1124 4303 1271 4373 θυγατέρα
1293 4303 1455 4374 Φόρκυνος,·

280 4392 354 4443 Serv.
368 4394 445 4456 Verg.
460 4394 525 4442 Aen.
542 4392 644 4445 111420
659 4395 755 4444 Phorci
769 4400 796 4444 et
810 4395 959 4448 Creteidos
980 4424 1006 4432 -
1028 4395 1066 4445 Cl.
1089 4395 1270 4444 l‘reller-Rolr.
1291 4395 1307 4442 l.
1323 4396 1339 4442 l.
1355 4411 1380 4457 p.
1390 4393 1451 4446 5612
