3486 5116
755 427 974 488 ...73-

367 614 516 680 Alterius
540 617 652 682 classis
668 619 762 701 quasi
779 617 1026 684 fundamentum
1042 620 1228 703 ponendum
1253 627 1303 686 est
1326 619 1386 704 frg.
1403 625 1453 688 16.

280 719 399 805 Capite
415 723 520 806 primo
545 720 590 812 (p.
607 725 649 788 28
667 726 723 806 ss.)
741 725 820 789 satis
837 724 1077 792 demonstrasse
1094 726 1173 790 mibi
1189 726 1312 808 videor,
1336 735 1452 810 quant-

279 850 379 911 opere
403 829 466 894 hoo
482 829 700 914 fragmentum
723 832 830 915 ipsum
846 830 1007 915 Argivum
1024 833 1194 918 significet,
1218 855 1291 898 oum
1314 834 1453 919 primum

281 934 477 1020 Argivorum
502 958 611 1020 regem
635 939 774 1021 primum
798 937 899 1004 fuisse
920 939 1085 1004 bominum
1109 953 1231 1006 narret.
1268 939 1454 1025 Scriptoris,

280 1043 337 1124 qui
354 1045 461 1107 omnia
478 1044 638 1109 tribueret
654 1046 782 1124 rationi,
801 1053 881 1128 erat,
898 1068 963 1111 non
980 1045 1137 1111 Inachum
1155 1046 1300 1112 flumen
1315 1047 1455 1130 primum

281 1149 479 1231 Argivorum
502 1173 610 1234 regem
636 1159 679 1234 et,
711 1152 798 1235 quod
822 1153 909 1217 idem
942 1159 1000 1235 est,
1032 1155 1161 1236 generis
1192 1162 1360 1218 auctorem
1383 1153 1455 1218 red-

281 1255 369 1325 dere.
394 1296 435 1302 —
460 1256 538 1341 Frg.
575 1262 628 1344 ,¹7²
660 1259 818 1344 Pelasgos
849 1282 921 1325 oum
953 1260 1087 1346 Argivis
1119 1268 1313 1326 connectere
1345 1259 1456 1325 studet

280 1384 387 1447 neque
419 1366 576 1430 rationem
592 1366 769 1432 *infitiatur
792 1368 819 1432 si
843 1367 992 1451 Pelasgis
1024 1389 1216 1453 eponymum
1247 1368 1380 1434 addicit.
1412 1405 1455 1414 —-

282 1469 360 1553 Frg.
398 1475 453 1536 19:
492 1472 652 1538 Fabulam
688 1474 824 1558 legimus
863 1475 994 1559 proprie
1030 1473 1228 1558 Argolicam.
1276 1475 1455 1559 Vulgarem

282 1577 460 1659 praebuisse
484 1579 613 1645 videtur
635 1580 754 1645 fabulae
776 1581 923 1659 formam,
947 1604 1020 1665 qua
1046 1603 1084 1646 eo
1108 1583 1210 1664 magis
1234 1589 1381 1647 nostrum
1405 1603 1456 1646 ar-

282 1685 400 1764 riserit,
431 1687 519 1768 quod
542 1686 725 1771 Panoptem
750 1695 885 1772 propter
914 1689 1052 1774 figuram
1076 1710 1116 1754 ex
1139 1696 1229 1754 terra
1252 1695 1358 1753 ortum
1384 1709 1455 1753 esse

282 1792 350 1854 ueri
374 1800 445 1856 erat
469 1793 581 1860 simile.
607 1835 649 1843 —
673 1795 751 1878 Frg.
770 1799 826 1859 22:
852 1794 1029 1861 Acusilaus
1053 1795 1196 1860 fabulam
1221 1795 1321 1879 Argis
1345 1796 1455 1860 tritam

283 1896 381 1979 (Iuno
405 1899 524 1964 bacin
549 1901 629 1966 urbe
660 1903 799 1967 maxime
824 1901 1005 1984 colebatur)
1033 1904 1188 1966 narravit.
1219 1939 1261 1947 —
1293 1902 1371 1984 Frg.
1398 1903 1455 1965 23:

284 2005 356 2090 Vir,
371 2027 438 2070 non
460 2006 580 2072 femina
602 2008 693 2074 urbis
717 2030 896 2092 eponymus
920 2014 980 2073 est.
1024 2005 1120 2092 Quod
1145 2015 1254 2073 autem
1275 2008 1455 2090 Myceneus

282 2135 356 2178 cum
379 2115 576 2198 Argivorum
600 2116 729 2199 generis
753 2123 887 2180 auctore
912 2115 1117 2180 connectitur
1133 2114 1187 2201 (of.
1206 2115 1267 2198 frg.
1288 2119 1349 2197 li),
1373 2137 1456 2198 prae-

283 2220 461 2286 clarissime
485 2221 638 2304 illustrat,
663 2229 811 2287 nostrum
843 2222 991 2304 inprimis
1023 2221 1140 2286 civium
1172 2243 1304 2286 suorum
1336 2243 1456 2305 augere

284 2328 446 2394 studuisse
471 2328 616 2413 gloriam.
645 2327 743 2412 Quod
768 2329 886 2393 deinde
911 2351 950 2393 ex
976 2327 1204 2414 „Phoronide“
1228 2328 1346 2407 hausit,
1371 2328 1457 2392 idem

284 2434 474 2520 comprobat-
497 2445 595 2520 atque
621 2436 798 2501 confirmat.

372 2543 499 2608 Ansam
523 2545 601 2609 dare
625 2552 779 2609 recusant
802 2545 861 2626 frg.
887 2548 906 2608 4
931 2542 1126 2629 (valgiter)
1153 2550 1186 2609 et
1210 2548 1262 2609 20.

371 2651 481 2715 Huius
497 2652 597 2734 igitur
613 2652 726 2717 classis
744 2651 935 2734 fragmenta,
960 2651 1106 2734 quamvis
1122 2671 1188 2715 non
1205 2651 1270 2716 sint
1285 2651 1456 2734 permulta,

283 2765 392 2822 tamen
416 2756 566 2823 Acusilai
598 2759 767 2824 consilium
791 2764 890 2841 atque
922 2759 1082 2822 rationem
1106 2759 1187 2823 satis
1211 2757 1380 2822 evidenter
1403 2757 1458 2822 de·

283 2872 409 2950 tegunt.

374 2972 455 3057 Quae
466 2995 538 3039 cum
547 2975 593 3038 ita
607 2974 738 3056 sintpro
753 2979 841 3036 certo
855 2971 1056 3051 habebimus,
1069 2971 1263 3037 Acusilaum
1275 2971 1460 3036 Hesiodum

284 3081 331 3164 (in
356 3081 395 3145 iis
419 3081 516 3145 rebus
548 3087 637 3145 certe
662 3081 694 3143 in
719 3079 837 3162 quibus
868 3079 1059 3144 enarrandis
1083 3078 1231 3144 Hesiodo
1257 3079 1386 3143 omnino
1411 3079 1459 3142 uti

285 3189 314 3252 ei
339 3186 443 3271 licuit)
466 3187 500 3251 in
523 3187 709 3252 universum
732 3192 877 3250 secutum
903 3207 983 3252 esse.
1030 3185 1116 3251 Nam
1140 3225 1183 3232 —
1208 3193 1245 3250 ut
1266 3184 1459 3269 praetermit-

284 3303 351 3360 tam
375 3294 462 3377 quod
487 3317 622 3378 maguus
653 3294 907 3377 fragmentorum
941 3314 1095 3358 numerus
1126 3301 1295 3358 auctorum
1325 3312 1459 3356 consen-

286 3425 355 3467 sum
380 3403 501 3467 diserte
531 3408 672 3466 testatur
704 3423 810 3484 neque
838 3403 946 3464 minor
976 3421 1086 3465 ansam
1120 3401 1214 3465 nobis
1239 3399 1296 3464 dat
1319 3399 1360 3463 ad
1384 3420 1460 3462 oon-

285 3515 415 3573 centum
450 3508 629 3573 eruendum
665 3546 706 3555 —
738 3507 835 3571 huius
866 3506 1119 3571 necessitudinis
1153 3505 1200 3569 illi
1236 3526 1364 3588 quoque
1396 3504 1459 3568 loci

285 3622 387 3681 testes
411 3623 496 3702 sunt,
529 3617 582 3698 qui
608 3614 845 3698 discrepantias
869 3612 1026 3697 (dilucide
1051 3612 1140 3698 licet)
1165 3613 1321 3694 iudicant,
1340 3612 1458 3695 quippe

286 3745 358 3786 cum
384 3723 619 3788 sententiarum
646 3722 786 3786 varietas
817 3722 867 3784 vel
900 3720 1072 3785 diversitas
1101 3727 1169 3783 tum
1200 3720 1302 3783 solum
1336 3718 1460 3800 aliquid

285 3830 432 3914 praebere
456 3837 567 3913 posset
598 3828 797 3909 offensionis,
822 3848 893 3891 cum
919 3827 1108 3908 ceteroquin
1133 3833 1310 3890 concentus
1342 3825 1457 3908 depre-

286 3937 495 4002 henderetur.
544 3934 579 4001 Si
604 3957 680 4000 vero
706 3936 778 4018 quis
803 3934 835 3998 id
859 3955 1007 4018 premere
1032 3932 1109 3997 velit
1140 3933 1227 4016 quod
1258 3933 1458 3996 diversarum

287 4045 475 4127 opinionum
518 4065 673 4108 numerus
713 4064 772 4126 pro
808 4041 1065 4124 fragmentorum
1113 4040 1279 4122 paucitate
1322 4060 1459 4121 magnus

287 4131 330 4215 sit
364 4150 544 4230 habendus,
575 4150 697 4233 optimo
729 4151 799 4213 iure
835 4149 865 4212 ei
900 4148 1061 4227 obvertes‚
1094 4146 1196 4211 multo
1233 4147 1351 4230 saepius
1387 4167 1455 4209 cer-

286 4258 408 4322 tissime
445 4257 665 4322 dissensiones
697 4278 794 4339 quam
830 4255 1061 4319 consensiones
1107 4254 1270 4317 memoriae
1319 4251 1459 4316 traditas

287 4386 368 4446 esse,
401 4386 472 4428 cum
497 4363 577 4427 nihil
602 4363 739 4427 baberet
761 4361 1068 4427 commemoratione
1093 4359 1181 4444 digni
1205 4359 1388 4425 Hesiodum
1413 4380 1461 4423 se-
