3486 5116
773 466 993 527 „71-

296 661 384 723 mina
413 660 446 724 in
470 656 666 741 universum,
697 665 828 742 poetam
852 664 1009 742 sequatur
1033 657 1109 743 (Ac.
1135 657 1194 741 frg.
1222 658 1265 744 7),
1295 657 1394 722 fluvio
1426 658 1467 723 ab

296 764 443 831 Hesiodo
475 789 540 831 non
571 773 822 831 commemorato
854 766 1027 849 propriam
1051 765 1202 830 attribuit
1233 764 1467 852 genealogiam.

296 873 398 941 Vides
423 877 519 956 quain
544 881 617 938 arta
641 880 739 957 atque
768 873 880 956 gravia
911 872 1028 956 quibus
1053 874 1294 956 conjunguntur
1317 880 1468 937 auctores

297 980 362 1045 sint
385 979 522 1045 vincula.
546 1019 589 1026 -
613 979 691 1065 Frg.
717 985 774 1045 27:
803 978 971 1044 Hesiodus
996 978 1138 1043 fabulam
1162 987 1354 1044 narraverat
1379 980 1468 1044 etin

296 1086 419 1172 Magna
442 1088 534 1162 Boea,
558 1109 629 1170 quae
652 1087 811 1169 inscripta
837 1086 896 1151 fuit
919 1089 1070 1170 Κορωνίς,
1097 1087 1184 1150 etin
1210 1084 1388 1169 Catalogis‚
1412 1087 1467 1150 ubi

292 1184 432 1280 Ἀρσινόη
454 1215 570 1258 nomen
596 1194 712 1276 puellae
737 1201 816 1262 erat.
845 1193 1035 1276 Apollinem
1053 1191 1249 1257 Coronidem
1274 1215 1384 1258 amore
1409 1215 1467 1258 sno

296 1300 427 1384 dignam
442 1301 606 1386 habuisse,
632 1323 703 1365 eam
727 1301 895 1383 gravidam
910 1299 1036 1382 fecisse,
1060 1300 1147 1364 illam
1172 1322 1249 1364 vero
1266 1298 1467 1384 Aesculapio

295 1408 439 1472 nondum
462 1416 540 1474 nato
565 1430 637 1472 oum
653 1408 771 1491 ischye
796 1409 920 1489 coiisse,
946 1408 1023 1491 quin
1039 1404 1217 1472 Acusilaus
1241 1428 1371 1490 quoque
1393 1429 1469 1473 nar-

295 1516 416 1579 raverit
440 1515 574 1579 dubium
595 1522 744 1584 nonest.
792 1513 875 1579 Cum
900 1521 1007 1579 autem
1039 1536 1171 1580 cansam
1195 1515 1386 1579 concubitus
1413 1536 1468 1580 ex-

295 1621 440 1704 quireret
463 1622 691 1708 logographus‚
723 1621 907 1686 Pindaricae
931 1621 1050 1686 fabulae
1074 1621 1211 1686 formam
1235 1622 1400 1705 accepisse
1424 1622 1469 1684 vi-

295 1728 391 1793 detur
421 1728 473 1814 (cf.
498 1751 528 1811 p.
555 1732 619 1812 39).
652 1767 695 1776 -
725 1729 804 1813 Frg.
829 1732 887 1795 30:
933 1728 974 1794 In
998 1729 1187 1794 Boreadum
1217 1737 1322 1794 morte
1347 1729 1467 1794 descri-

294 1836 402 1902 benda
426 1843 546 1918 noster,
578 1858 650 1901 cuin
682 1837 769 1902 solus
794 1838 887 1902 testis
918 1837 1081 1919 laudetur,
1114 1844 1256 1920 apoeta
1280 1836 1468 1902 discessisse

294 1943 432 2030 videtur,
446 1944 517 2008 aliis
533 1945 567 2007 in
583 1945 681 2008 rebus
694 1966 765 2009 cum
782 1965 819 2007 eo
831 1944 1004 2012 concinuit.
1018 1981 1062 1989 -
1078 1943 1156 2026 Frg.
1175 1946 1232 2007 38:
1245 1943 1348 2030 Regis
1363 1943 1464 2008 filiam

295 2073 314 2114 a
337 2058 429 2134 patre
453 2052 485 2114 in
506 2050 695 2135 Acropolim
718 2051 958 2116 immolaturum
975 2073 1046 2116 esse
1062 2051 1193 2114 missam
1209 2048 1368 2116 Acusilao
1392 2073 1467 2134 pro·

294 2159 398 2240 prium
425 2165 484 2225 est.
511 2197 548 2206 -
575 2159 651 2242 Frg.
677 2162 734 2224 39:
759 2159 870 2223 Etiam
895 2159 956 2222 hac
978 2159 1012 2222 in
1036 2157 1147 2222 fabula
1171 2158 1360 2222 Acusilaum
1384 2159 1465 2222 artis

295 2265 430 2328 vinculis
447 2285 520 2328 cum
535 2266 684 2331 Hesiodo
709 2287 780 2330 esse
797 2267 1016 2348 conjunctum,
1034 2285 1150 2329 causas
1167 2286 1243 2328 vero
1261 2265 1397 2348 singulis
1413 2286 1465 2329 re·

294 2371 355 2436 bus
372 2374 539 2454 appositas
566 2375 729 2438 neminem
752 2373 813 2436 nisi
838 2379 983 2436 nostrum
1001 2380 1167 2437 auctorem
1192 2378 1342 2455 spectare
1366 2392 1466 2453 snpra

294 2480 429 2561 exposui
460 2478 505 2564 (p.
532 2483 574 2544 54
599 2482 666 2563 ss).
713 2478 855 2544 Accedit
879 2478 967 2562 quod
991 2479 1078 2562 apud
1102 2485 1242 2562 poetam,
1272 2485 1309 2542 ut
1332 2477 1467 2561 quidem

294 2584 490 2670 videtur,¹⁵2)
507 2586 645 2652 Helenae
661 2589 778 2672 imago,
802 2587 890 2669 apud
907 2586 1100 2651 Acusilaum
1122 2587 1194 2670 ipsa
1216 2586 1348 2650 Troiam
1366 2585 1465 2649 venit.

844 2763 911 2829 IV.

382 2906 465 2970 Tum
481 2907 622 2991 denique
647 2907 687 2972 de
712 2909 757 2972 eis
781 2907 972 2992 fragmentis
989 2905 1213 2972 disserendum
1231 2913 1290 2986 est,
1316 2927 1388 2988 quae
1412 2928 1469 2970 an-

294 3035 361 3078 sam
386 3015 480 3079 nobis
497 3035 562 3079 non
585 3015 733 3098 praebent
749 3029 785 3080 ut
802 3037 874 3098 quae
891 3016 975 3079 ratio
999 3016 1087 3079 inter
1101 3012 1284 3078 Hesiodum
1302 3021 1335 3077 ct
1350 3011 1468 3077 Acusi-

293 3121 379 3185 laum
397 3123 591 3201 intercedat,
616 3121 840 3187 diiudicemus.
888 3122 974 3188 Sunt
996 3128 1106 3186 autem
1128 3119 1210 3205 frgg.
1236 3124 1255 3185 3
1282 3124 1300 3184 9
1325 3119 1380 3205 (de
1405 3119 1469 3183 sin-

293 3228 375 3311 gulis
398 3229 446 3292 nil
469 3231 551 3294 certi
575 3230 638 3293 dici
661 3230 785 3315 potest)
812 3233 851 3295 10
879 3233 917 3294 12
945 3233 985 3293 14
1012 3231 1051 3293 15
1079 3232 1118 3293 16
1145 3231 1186 3292 33
1212 3231 1252 3292 37
1278 3228 1330 3294 40.

382 3387 448 3454 Sed
465 3389 654 3473 fragmentis
670 3391 718 3453 ita
734 3389 899 3473 dispositis
916 3389 1129 3472 quaestionem
1145 3386 1289 3452 nondum
1312 3385 1354 3450 ad
1370 3385 1467 3449 finem

292 3495 512 3577 perduximus
558 3496 663 3560 Immo
693 3496 734 3560 ad
759 3497 919 3560 rationem
950 3518 1022 3578 quae
1046 3497 1132 3560 inter
1155 3501 1305 3559 auctores
1329 3493 1468 3557 interce-

293 3602 341 3665 dit
364 3603 446 3668 bene
471 3602 728 3686 cognoscendam
744 3603 965 3668 necessarium
989 3609 1047 3683 est,
1071 3624 1168 3668 nosse
1193 3600 1468 3684 causaS,cu1·in

293 3709 428 3793 singulis
451 3710 636 3776 fabularum
659 3711 808 3794 partibus
833 3710 1098 3775 stemmatibusve
1122 3717 1235 3774 noster
1259 3707 1301 3772 ab
1316 3706 1467 3772 Hesiodo

293 3815 517 3900 discrepuerit.
557 3818 643 3883 Duae
666 3818 869 3902 potissimum
895 3839 946 3882 res
970 3817 1087 3901 quibus
1110 3816 1302 3899 plerumque
1327 3834 1467 3880 commo-

291 3931 345 3988 tus
360 3923 538 3990 Acusilaus
554 3946 575 3990 a
589 3932 688 4009 poeta
706 3925 893 3990 discessisse
911 3924 1047 4003 videtur,
1065 3921 1357 3988 commemorandae
1374 3927 1466 3986 sunt:

292 4031 451 4113 Iejunitas
475 4032 625 4114 quaedam
640 4033 768 4110 mentis,
794 4054 867 4115 quae
892 4032 1010 4114 spretis
1033 4030 1191 4096 fabulosis
1214 4030 1325 4094 omnia
1348 4029 1391 4092 ad
1415 4049 1467 4092 ra-

292 4138 390 4202 tionis
419 4160 566 4202 normam
598 4138 769 4222 dirigebat,
802 4145 835 4203 et
867 4138 1035 4221 scriptoris
1067 4137 1236 4202 consilium
1272 4136 1468 4219 Argivorum

381 4317 424 4382 ¹⁵2)
445 4322 508 4372 Hes,
528 4321 577 4380 lrg.
597 4319 658 4381 266,
685 4321 760 4382 qnod
780 4324 871 4368 tamen
898 4319 933 4368 ad
953 4319 1106 4380 fragmenta
1125 4317 1364 4386 &reprobatricem
1385 4316 1466 4364 refert

293 4411 396 4464 lineali:
418 4410 569 4459 Stesichori
588 4423 653 4458 csse
672 4410 821 4458 arbitratur
840 4409 1056 4458 llarcksclrellcl.
