3486 5116
738 444 869 506 ..45
916 479 960 486 ,-

259 635 467 701 Stesichorus
504 635 751 721 exhibuerat.⁹⁶)
798 635 965 702 Hesiodus
997 660 1074 702 num
1106 639 1236 703 omnino
1267 637 1436 704 Actaecnis

259 744 456 808 mentionem
481 742 606 822 fecerit,
639 745 718 807 satis
743 750 832 808 certo
858 744 1022 809 enucleari
1046 744 1214 830 nequitis)
1260 745 1437 812 Acusilaus

258 850 386 914 etiarnsi
403 849 628 915 Stesichorum
653 871 715 914 non
738 850 835 935 plane
853 858 984 916 secutus
1010 857 1059 916 est
1083 853 1182 936 (apud
1199 852 1335 936 lyricum
1353 855 1437 918 enim

259 957 371 1021 Diana
386 957 512 1022 iuvenis
528 965 666 1022 mortem
684 958 790 1035 efficit,
810 958 898 1040 apud
914 966 1061 1023 nostrum
1079 980 1155 1024 vero
1173 960 1310 1044 Iupiter)
1328 968 1437 1025 tamen

259 1064 597 1148 significantissimum
628 1072 687 1148 est,
719 1071 865 1130 nostrum
897 1087 937 1130 ex
961 1088 999 1130 eo
1024 1073 1122 1150 poeta
1153 1068 1300 1133 hausisse
1325 1069 1438 1152 quiin

260 1170 372 1234 fabula
396 1172 583 1236 enarranda
614 1174 754 1255 speciem
779 1173 846 1236 veri
877 1193 1007 1237 servare
1031 1181 1167 1239 conatus
1192 1182 1293 1241 esset:
1324 1175 1436 1240 Hime-

259 1299 346 1342 raeus
371 1279 455 1343 enim
488 1301 552 1343 non
585 1280 735 1343 iuvenem
767 1281 853 1343 cervi
886 1277 992 1363 figura
1022 1281 1182 1360 indutum,
1214 1283 1271 1348 sed
1295 1283 1438 1348 Dianam

260 1387 347 1449 cervi
377 1385 497 1469 pellem
521 1388 551 1451 ei
575 1387 849 1452 circumicieutem
877 1388 973 1451 nobis
997 1387 1203 1473 poposcit.⁹⁸)
1249 1389 1438 1472 Acusilaus,

259 1515 334 1558 cum
358 1514 490 1557 causam
513 1495 627 1558 mortis
652 1495 809 1576 attulerit,
836 1496 933 1559 etiam
953 1502 1092 1559 mortem
1111 1496 1225 1578 ipsam,
1250 1495 1438 1561 brevissime

260 1601 348 1680 licet,
374 1600 562 1684 descripsit3
594 1601 804 1666 hauddubie
837 1602 924 1683 apud
949 1609 1114 1667 auctorem
1138 1609 1285 1668 nostrum
1311 1604 1440 1687 Iupiter

262 1708 371 1772 Diana
395 1708 489 1790 quasi
512 1708 728 1773 instrumento
746 1709 911 1773 utebatur.
946 1707 1223 1794 Genealogiarum
1247 1712 1439 1794 scriptorem

261 1817 359 1879 etiarn
388 1821 496 1879 ortum
520 1813 690 1880 Actaeonis
717 1816 896 1898 praebuisse
920 1838 980 1899 pro
1005 1823 1094 1881 certo
1119 1816 1233 1885 habeo.
1280 1817 1440 1882 Nostrum

260 1919 458 2004 Apollodori
493 1921 600 1985 locum
636 1929 773 1987 stemma
804 1923 985 2004 antecedit3
1017 1923 1105 2006 quod
1136 1946 1207 1988 cum
1240 1931 1273 1989 ct
1299 1924 1440 1990 Hesiodi

262 2029 400 2111 vestigia
436 2029 651 2114 contineat⁹⁹l
689 2036 722 2094 et
757 2052 830 2094 cum
861 2029 1009 2094 Acusilai
1044 2032 1230 2096 testimonio
1263 2038 1334 2096 arte
1365 2052 1440 2096 ccn·

261 2136 407 2200 iunctum
443 2138 500 2218 sit,
537 2138 699 2219 suspicor,
740 2137 824 2201 hanc
862 2138 1050 2220 prosapiam
1088 2139 1259 2221 utriusque
1294 2141 1438 2204 auctoris

262 2263 344 2306 esse.

350 2349 443 2414 Nulli
452 2351 541 2433 genti
550 2351 613 2415 uisi
624 2350 781 2416 Boeoticae
790 2351 888 2416 alicui
897 2351 1115 2434 fragmentum
1126 2351 1278 2418 addicere
1290 2375 1439 2436 possum:

262 2454 401 2521 Actaeon
418 2458 513 2535 enim,
538 2456 673 2522 Aristaei
698 2465 797 2540 atque
814 2456 978 2523 Autonoae
997 2457 1114 2523 Oadmi
1129 2457 1204 2524 filiae
1221 2459 1317 2543 filius,
1342 2460 1440 2525 heros

263 2563 327 2628 fuit
349 2563 527 2628 Boeoticus.

351 2778 386 2845 9⁶)
406 2781 489 2833 Paus.
510 2782 545 2830 IX
558 2781 583 2842 2,
605 2779 635 2832 3:
656 2781 832 2852 Στησίχορος
852 2781 882 2834 δὲ
901 2785 916 2834 δ
936 2783 1081 2852 Ἱμεραῖος
1094 2784 1223 2853 ἔγραψεν
1236 2782 1348 2853 ἐλάφου
1362 2803 1441 2853 περι·

262 2867 367 2932 βαλεῖν
384 2868 474 2939 δέρμα
494 2867 639 2921 Ἀκταίωνι
659 2873 710 2938 την
728 2868 807 2936 θεόν,
827 2873 1106 2941 παρασκευάζουσάν
1125 2876 1152 2924 ot
1166 2873 1214 2924 τὸν
1226 2875 1258 2924 ἐκ
1272 2879 1327 2924 τῶν
1346 2879 1442 2924 κυνῶν

262 2956 398 3023 θάνατον,
419 2961 466 3010 ίνα
487 2958 520 3026 δὴ
540 2960 581 3028 μὴ
600 2965 724 3028 γυναῖκα
737 2959 875 3029 Σεμέλην
893 2960 989 3026 λάβοι.
1015 2964 1053 3012 Cf.
1074 2965 1221 3013 vasculum
1234 2964 1353 3013 Atticum
1372 2966 1441 3027 figu-

262 3049 301 3097 ris
321 3049 413 3098 rubris
433 3049 538 3111 pictum
565 3029 692 3100 (Monsd.
714 3051 780 3102 lust.
801 3051 836 3100 Xl
855 3053 911 3100 tab.
932 3050 987 3112 49),
1015 3053 1063 3101 ubi
1083 3057 1109 3101 et
1128 3053 1246 3101 Artemis
1267 3058 1293 3102 et
1313 3054 1440 3115 -quod

263 3137 402 3187 Semelern
421 3139 544 3188 indicare
564 3140 672 3189 videtur
691 3171 723 3178 -
744 3141 848 3204 Iupiter
867 3141 1005 3198 Actaeonis
1024 3143 1105 3190 morti
1127 3142 1271 3190 intersunt.

352 3224 384 3290 ⁹⁷)
407 3229 471 3277 iles.
500 3229 549 3292 srg.
579 3227 629 3279 131
660 3230 776 3293 (Philcd.
802 3231 868 3299 περὶ
895 3230 988 3294 accepi.
1015 3246 1041 3294 p.
1065 3229 1100 3282 60
1125 3232 1179 3281 tab.
1208 3231 1267 3292 147,
1295 3230 1359 3284 1-3
1386 3233 1439 3292 G.):

263 3315 500 3385 ΙΣιησίχορ]ος(ί)
521 3315 666 3368 Ἀκταίωνι
686 3319 733 3369 καὶ
755 3316 909 3387 [Montila
936 3319 984 3369 καί
1005 3317 1139 3389 καθάπερ
1159 3354 1249 3372 .....
1270 3323 1302 3370 ἐν
1321 3320 1443 3386 Ἠοίαίις

333 3406 422 3465 Quare
443 3407 526 3455 nimis
547 3409 679 3457 audacter
697 3409 821 3458 Wentzel
840 3424 884 3471 ap.
904 3410 1084 3474 Pauly-Wiss
1105 3425 1126 3459 s
1148 3425 1172 3458 v.
1192 3411 1316 3460 Aktaion.

352 3492 386 3558 9⁸)
407 3496 517 3556 Rohert‚
539 3497 598 3546 Bild
618 3512 645 3546 u.
665 3493 735 3546 Lied
755 3513 780 3560 p.
800 3497 868 3548 aas.
894 3498 1003 3561 Optime
1021 3500 1111 3548 Julius
1125 3501 1226 3548 Ziehen
1246 3500 1343 3564 (Bonn.
1365 3501 1441 3550 Stud.

265 3600 290 3647 p.
314 3583 364 3636 179
384 3585 436 3651 ss.)
464 3588 602 3649 exposuit,
631 3587 658 3636 in
679 3588 817 3636 eiusmodi
844 3589 1087 3652 monumentiS,
1115 3589 1173 3637 sive
1193 3589 1220 3637 in
1240 3590 1363 3638 vasculis
1383 3590 1442 3639 sive

264 3674 291 3722 in
313 3675 461 3738 lapidibus
490 3677 624 3726 artificem
644 3681 732 3725 artem
751 3677 898 3737 defecisse,
927 3691 1013 3739 quare
1033 3691 1107 3737 eum,
1135 3693 1200 3726 curn
1220 3679 1442 3727 immutationem

264 3765 437 3826 probabilem
465 3766 546 3815 nohis
572 3767 688 3816 reddere
715 3768 848 3826 studeret,
877 3767 1035 3816 Actaeonem
1061 3768 1133 3829 pelle
1159 3767 1361 3816 circumdatum
1381 3782 1442 3816 cre-

263 3853 366 3902 avisse.

352 3939 389 4008 ⁹⁹)
410 3944 458 3992 llic
478 3949 521 3992 est
540 3944 698 4006 Apollodori
718 3946 812 3994 locus:
834 3943 977 4010 Αὐτονόης
997 3942 1026 3994 δὲ
1046 3945 1094 3994 καί
1115 3943 1279 4014 Ἀρισταίου
1299 3951 1367 4010 παῖς
1380 3945 1443 3996 ’Aa-

265 4032 352 4080 ταίων
380 4032 498 4099 ἐγένετο,
526 4033 556 4097 ὃς
582 4034 698 4101 τραφείς
724 4033 803 4101 παρὰ
822 4032 932 4102 Χίρωνι
953 4035 1077 4102 κυνηγὸς
1103 4032 1251 4102 ἐδιδάχθη,
1278 4035 1326 4085 καί
1346 4035 1443 4086 ἔπειτα

265 4119 385 4189 ὕστερον
403 4121 435 4170 ἐν
453 4122 489 4184 τῷ
508 4119 679 4192 Κιθαιρῶνι
708 4121 876 4192 κατεβρώθη
896 4122 1130 4174 procovenico
1147 4128 1251 4174 κυνῶν.
1274 4153 1301 4160 -
1322 4125 1443 4174 Hesiodo

263 4213 339 4258 certe
363 4214 460 4260 notum
485 4212 535 4261 fuit
562 4213 614 4261 hoc
640 4212 814 4276 eonjugium:
842 4213 890 4264 Th.
916 4211 978 4265 977.
1015 4213 1054 4262 Cf.
1084 4214 1149 4277 Hyg.
1177 4228 1203 4276 p.
1223 4211 1266 4274 36,
1288 4213 1322 4264 14
1351 4213 1444 4266 Schm.

265 4298 344 4357 Quod
358 4300 393 4348 ad
407 4300 535 4350 Chironis
549 4302 752 4361 educationem,
773 4302 807 4351 cf.
823 4303 886 4352 Hes
901 4303 950 4366 sig.
966 4300 1012 4364 19;
1033 4303 1080 4351 Th.
1097 4300 1180 4365 1001;
1202 4303 1297 4351 Eoearn
1312 4302 1442 4367 „Coron‘

264 4388 376 4438 Wilam.
396 4390 412 4437 l.
433 4391 452 4442 l.
