3486 5116
719 458 939 520 ,35-

234 645 332 728 ¹girus
356 646 484 711 rettulit
507 646 651 712 fabulam
675 646 775 732 Argis
800 648 975 732 vulgatam,
1006 656 1038 714 et
1062 671 1162 715 causa
1186 651 1227 716 ab
1252 673 1290 716 eo
1315 653 1416 718 allata

240 773 355 817 revera
378 751 504 838 Argiva
532 755 678 837 putanda
702 763 766 820 est:
797 756 883 820 Iuno
909 758 994 820 enim
1018 759 1183 841 praecipue
1207 758 1308 844 Argis
1332 760 1416 825 cole·
1443 812 1449 819 ,

240 858 347 928 batur.
394 859 435 925 In
461 863 579 927 ceteris
607 870 754 927 nostrum
785 885 856 928 cum
880 864 1030 929 Hesiodo
1060 867 1264 931 consensisse
1289 889 1416 932 sumen·

241 966 316 1030 dum
342 973 400 1049 est,
433 989 504 1032 cum
531 968 759 1052 discrepantia,
791 971 854 1035 nisi
886 973 1005 1036 ceteris
1035 971 1133 1036 rebus
1158 973 1414 1054 concinentibus,

240 1074 384 1157 conspici
407 1096 473 1138 non
489 1077 659 1159 potuisset.
693 1075 900 1160 Quamquam
924 1079 1168 1142 concedendum
1193 1086 1252 1163 est,
1277 1079 1414 1146 Melam-

239 1179 344 1262 podis
368 1181 508 1265 Dionysi
524 1183 675 1264 ministri,
701 1184 903 1248 sanationem
926 1190 995 1248 tum
1012 1206 1078 1248 non
1100 1185 1221 1268 optime
1239 1186 1413 1268 quadrare.

240 1285 307 1351 Sed
330 1287 463 1352 fuerunt
486 1290 543 1372 qui
559 1289 795 1374 Aesculapium
818 1291 880 1355 hoc
904 1312 1037 1356 munere
1061 1291 1208 1356 functum
1233 1314 1304 1357 esse
1329 1293 1414 1357 dice-

239 1399 322 1459 rent.
360 1393 462 1478 Apud
485 1397 717 1481 Bacchylidem
741 1397 790 1483 (X
814 1401 856 1462 95
871 1398 928 1484 se.)
953 1398 1099 1464 Artemis
1123 1399 1222 1465 Lusis
1247 1400 1336 1464 culta
1359 1402 1416 1464 mi-

240 1522 329 1566 seras
355 1509 465 1587 sanat3
489 1503 709 1588 Melampodis
733 1506 855 1569 mentio
879 1527 944 1570 non
968 1504 1015 1570 fit.

328 1608 469 1676 Proetus
483 1611 628 1695 Tiryntis
644 1633 702 1676 rex
719 1611 795 1679 fuit:
813 1610 979 1696 Argolicis
995 1613 1095 1696 igitur
1111 1614 1311 1698 genealogiis
1327 1616 1414 1698 frag-

238 1724 383 1780 mentum
408 1717 642 1783 adscribamus.

328 1878 427 1962 Frg.
451 1879 510 1943 23
534 1877 604 1964 (16)
627 1912 654 1931 =
678 1880 821 1945 Ρουεωι.
846 1881 887 1945 II
907 1881 955 1962 16,
980 1883 1020 1946 4.·

327 2017 445 2107 ταύτην
460 2020 542 2106 (soil.
556 2019 703 2106 Μυκηνην
716 2021 877 2103 feminam,
895 2043 992 2104 quam
1006 2029 1237 2087 commemorat
1249 2022 1415 2089 Homerus

237 2128 357 2211 13120)
381 2123 464 2192 εἶναι
491 2131 655 2214 θυγατέρα
685 2119 812 2210 Ἰνάχου,
845 2139 979 2211 γυναῖκα
1005 2128 1038 2194 δὲ
1062 2120 1252 2215 Ἀρέστορος,
1283 2129 1323 2194 τά
1349 2129 1414 2218 ἔπη

237 2233 332 2316 λέγει,
364 2231 384 2298 ἃ
409 2233 446 2322 δὴ
461 2229 610 2322 Ἕλληνες
640 2235 790 2300 καλοῦσιν
812 2225 920 2312 Ἠοέας
943 2234 1103 2321 Μεγάλας·
1128 2227 1196 2302 άπὸ
1219 2235 1337 2324 ταύτης
1361 2226 1415 2302 οἷν

237 2344 400 2426 μεμονέναι
428 2342 484 2405 καὶ
514 2340 551 2408 τὸ
583 2335 683 2425 ὄνομα
715 2350 754 2429 τῇ
785 2340 881 2407 πόλει
914 2347 1024 2430 φασίν.
1060 2341 1096 2408 ὃν
1119 2343 1153 2408 δὲ
1176 2352 1415 2429 προσποιοῦσιν

233 2438 463 2535 Ἀκουσιλάῳ
495 2447 597 2534 λόγον,
629 2453 776 2536 Μυκηνέα
799 2449 869 2515 υἱὸν
892 2445 976 2515 εἶναι
999 2448 1203 2536 Σπάρτωνος,
1235 2449 1442 2538 Σπάρτωναε

237 2555 271 2620 δὲ
295 2560 475 2642 Φορωνέως,
507 2549 562 2621 οδκ
592 2553 631 2623 άν
662 2556 761 2642 ἐ’γωνε
790 2549 1019 2645 ἀποδεξαίμην,
1052 2557 1136 2622 διότι
1159 2558 1237 2644 μηδὲ
1268 2551 1360 2623 αι’τοὶ
1384 2556 1415 2622 οἱ

237 2663 312 2748 (om.
346 2661 458 2749 Spiro)
494 2663 753 2746 Λακεδαιμόνιοι.
787 2665 1056 2748 Λακεδαιμονίοις
1085 2664 1146 2751 γάρ
1177 2663 1328 2752 Σπάρτης
1357 2664 1416 2748 μὲν

236 2770 384 2855 γυναικὸς
400 2769 494 2836 εἰκών
510 2771 598 2838 ἐστιν
621 2770 653 2838 έν
669 2765 853 2856 Ἀμύκλαις,
878 2771 1060 2859 Σπάρτωνα
1075 2773 1109 2837 δὲ
1127 2777 1298 2859 Φορωνέως
1314 2773 1416 2838 παῖδα

236 2876 437 2962 θαυμάζοιεν
460 2875 500 2945 άν
522 2881 577 2945 καὶ
599 2872 697 2967 άρχὴν
721 2873 926 2958 άκοάσαντες.
1102 2956 1108 2966 ‚

326 3024 364 3076 Cl.
385 3025 509 3074 Eustath.
536 3027 613 3075 Hom.
640 3023 733 3076 3569
758 3041 785 3089 p.
804 3023 866 3086 289,
903 3024 951 3076 47:
976 3025 1082 3074 τούτων
1109 3022 1138 3074 δέ
1163 3027 1181 3090 η
1208 3026 1264 3092 μέν
1289 3022 1415 3091 Μυκήνη

236 3112 295 3163 ἀπό
313 3130 388 3178 τινος
411 3116 535 3183 νύμφης,
563 3115 642 3183 φασί,
666 3112 836 3180 Λακωνικῆς
860 3111 1018 3182 ὠνομάσθη
1042 3116 1060 3180 ἢ
1086 3113 1143 3164 ἀπὸ
1163 3111 1324 3179 Μυκηνέως
1349 3115 1415 3164 01οῦ

236 3200 418 3272 Σπάρτωνος,
437 3202 567 3273 ἀδελφοῦ
589 3201 750 3273 Φορωνέως,
770 3206 787 3270 ἢ
806 3201 868 3254 κτλ.

326 3289 352 3344 3.
371 3291 470 3358 Ἠοίας
488 3291 538 3357 M]
560 3294 623 3344 Hes.
644 3294 692 3356 lrg.
714 3291 773 3344 146.

323 3381 348 3433 4.
368 3382 475 3450 φάοιυν
493 3383 554 3431 libri
574 3383 653 3450 φασί.
673 3383 707 3432 δν
730 3383 828 3430 Facius
855 3381 959 3431 ἀκοῦον
984 3381 1056 3442 111111,
1084 3395 1136 3432 em.
1157 3381 1273 3430 Porsen.
1312 3381 1413 3443 Recepi

371 3471 487 3520 Porsoni
516 3472 747 3522 emendationem.
775 3498 802 3506 —
830 3470 930 3520 Confer
956 3471 1097 3533 quomodo
1123 3470 1266 3519 Menandri
1294 3469 1413 3518 rhetoris

371 3561 450 3609 locus
470 3561 588 3609 traditus
608 3561 657 3609 sit:
678 3561 741 3608 adn.
763 3558 823 3610 167.

326 3648 391 3700 bss.
412 3648 573 3718 Σπάρτωνα
594 3647 624 3699 δέ
647 3677 674 3684 -
695 3651 727 3698 ἐν
750 3645 915 3716 Ἀμύκλαις
937 3663 992 3698 om.
1016 3649 1063 3709 Vn,
1084 3649 1201 3711 margini
1225 3647 1347 3697 inferiori
1370 3648 1415 3696 ad-

372 3739 477 3801 scripta
496 3743 570 3788 sunt.

326 3827 351 3880 6.
370 3827 578 3896 ἀποδεξαίμην]
599 3826 812 3895 ἀποδειξαίμην
831 3829 883 3878 Vb.

325 3952 465 4016 Porsoni
490 3953 678 4016 coniectura
701 3950 964 4034 probabilissima
990 3957 1047 4015 est.
1085 3949 1136 4015 Of.
1162 3949 1236 4014 adn.
1265 3951 1315 4012 18.
1348 3947 1415 4014 Ac-

237 4059 323 4124 cedit
339 4059 427 4142 quod
445 4061 541 4124 etiam
558 4060 611 4123 hic
628 4059 870 4123 contentionem
888 4064 987 4140 atque
1004 4057 1282 4141 comparationem
1307 4057 1414 4139 operis

236 4167 332 4248 vulgo
362 4165 521 4230 Hesiodei
554 4165 659 4230 habiti
690 4186 761 4229 cum
786 4165 941 4229 Acusilao
967 4186 1038 4229 esse
1067 4164 1225 4232 videmus.
1273 4163 1413 4246 Deinde,

235 4280 273 4339 ut
296 4273 383 4357 quod
408 4273 450 4337 sit
473 4275 582 4358 magni
599 4273 752 4337 momenti
770 4272 884 4352 dicam,
911 4272 1075 4336 sententia
1098 4277 1203 4335 totum
1220 4268 1414 4334 Acusilaum

235 4381 312 4448 olet.
361 4379 463 4445 Ouius
497 4403 537 4446 ex
567 4386 676 4444 mente
707 4380 792 4444 enim
815 4379 996 4462 Myceneus
1027 4377 1130 4460 (urbis
1154 4397 1270 4460 nempe
1296 4397 1415 4460 epony-
