3486 5116
696 429 916 500 „17-

217 621 234 695 ὁ
249 633 324 715 γοῦν
334 621 576 707 Ἀκουσίλαος
590 628 643 695 διὰ
659 637 715 717 τῆς
730 627 862 717 ποιότης
877 627 1021 716 ἱστορίας
1036 627 1218 717 δεδήλωκεν,
1243 624 1294 694 ὅτι
1307 616 1392 712 Ἅχε-

215 736 298 822 λῴος
320 734 451 802 πάντων
474 744 538 803 τῶν
561 746 718 820 ποταμῶν
741 735 971 824 πρεσβύτατος.
1004 734 1068 825 ἔφη
1090 736 1160 823 γάρ·
1193 729 1336 814 Ὠκεανὸς
1359 736 1392 801 δὲ
1419 752 1431 792 ⁵

216 855 313 929 γαμεῖ
333 843 446 932 Τηθὺν
468 842 582 910 ἑαυτοῦ
605 837 756 934 ἀδελφήν,
780 853 845 910 τῶν
868 844 901 910 δὲ
924 849 1068 930 γίνονται
1092 845 1263 932 τρισχίλιοι
1287 869 1392 910 ποια-

215 956 283 1036 μοί,
303 942 453 1040 Ἀχελῷος
475 952 509 1017 δὲ
531 943 638 1018 οὔτῶν
661 951 883 1040 πρεσβύτατος
904 951 959 1017 καὶ
982 956 1151 1040 τετίμηται
1172 950 1325 1034 μάλιστα.

305 1133 330 1185 4.
349 1130 573 1188 ArHuIAAOn
589 1131 617 1185 P
634 1129 828 1198 Ἀκουσίλαος
847 1133 979 1197 Gronov.;
1000 1134 1034 1183 cl.
1054 1134 1117 1183 adn.
1138 1132 1180 1185 18.
1281 1195 1284 1202 Ι

307 1294 353 1359 Ut
369 1294 718 1379 sumamusDidymum
734 1294 979 1378 grammaticum
993 1291 1057 1358 fide
1074 1293 1296 1377 dignissimum
1306 1293 1394 1358 Acu-

218 1400 290 1465 silai
304 1401 508 1465 enuntiatum
518 1400 701 1466 adverbum
712 1423 902 1484 expressum
911 1400 1005 1466 nohis
1015 1421 1172 1478 servasse,
1184 1407 1306 1483 praeter
1314 1399 1394 1463 illud

218 1504 281 1594 ἔφη
295 1505 357 1593 γάρ
372 1529 432 1573 nos
456 1513 637 1573 commovet
661 1507 852 1572 elocutionis
870 1529 973 1592 genus
989 1507 1288 1590 antiquissimorum
1312 1508 1394 1571 mori

218 1615 425 1696 simillimum,
451 1635 633 1680 sermonem
649 1614 723 1680 dico
741 1614 924 1679 obsoletum
940 1621 1039 1698 atque
1057 1615 1184 1698 exilem,
1210 1613 1267 1679 sed
1284 1621 1394 1678 tamen

218 1720 405 1787 dilucidum.
453 1721 598 1787 Dialecti
622 1721 745 1786 Ionicae
770 1728 858 1786 certe
882 1722 1018 1806 vestigia
1044 1743 1108 1786 non
1133 1722 1313 1786 invenimus
1338 1743 1391 1784 ne-

218 1849 280 1911 que
306 1850 497 1912 quaeremus.
544 1828 675 1894 Revera
699 1828 845 1894 Acusilai
870 1829 1064 1893 sententiam
1090 1849 1161 1892 esse
1184 1835 1257 1893 arta
1280 1829 1395 1893 confir·
1436 1827 1440 1834 '

218 1944 326 2000 matur
361 1936 603 2000 necessitudine
636 1957 702 2019 qua
734 1958 807 2000 oum
837 1935 986 2000 Hesiodo
1018 1936 1192 2000 coniuncta
1224 1942 1284 2000 est.
1330 1935 1394 1999 As-

218 2043 294 2108 craei
332 2065 445 2108 versus
480 2043 536 2126 qui
574 2043 637 2108 huc
676 2043 800 2107 faciunt
838 2049 914 2108 sunt
952 2043 1000 2106 hi:
1047 2042 1149 2108 Acus.
1189 2034 1333 2118 Ὦκεανὸς
1362 2041 1395 2105 δὲ

217 2161 314 2235 χαμεῑ
345 2147 454 2236 nunti
476 2182 502 2200 =
526 2149 607 2214 Hes.
641 2150 702 2214 Th.
736 2154 810 2216 337.
843 2153 924 2232 3683
954 2147 1068 2214 ἑαυτοῦ
1098 2141 1240 2237 duston
1263 2183 1289 2201 =
1311 2149 1393 2214 Hes

218 2258 279 2322 Th.
308 2261 380 2322 133.
409 2261 486 2340 1363
509 2264 574 2321 τῶν
597 2256 630 2322 δὲ
653 2262 713 2342 χλι.
738 2257 871 2344 τρισχίλ.
897 2281 970 2322 ποι.
996 2291 1022 2310 =
1045 2258 1127 2322 Hes.
1145 2256 1206 2321 Th.
1225 2260 1299 2321 364.
1319 2260 1393 2320 367.

217 2363 258 2428 In
283 2365 397 2429 ultima
414 2365 574 2429 enuntiati
598 2371 692 2449 parte
716 2386 782 2429 non
797 2364 981 2429 Hesiodum
1007 2365 1155 2448 sequitur
1177 2371 1290 2428 noster
1314 2363 1392 2448 (As-

219 2493 322 2536 craeus
347 2472 431 2536 enim
456 2471 517 2536 Th.
536 2474 601 2537 340
625 2470 810 2536 Acheloum
833 2473 867 2536 in
890 2472 998 2536 medio
1016 2478 1199 2536 ceterorum
1224 2470 1394 2536 fluviorum

219 2599 354 2642 numero
381 2569 588 2666 α’ρχοροόίνην
619 2577 763 2663 epitheto
788 2585 980 2644 exornatum
1013 2578 1267 2664 commemorat),
1298 2579 1395 2641 immo

218 2686 261 2749 ad
275 2685 457 2750 Homerum
481 2687 615 2770 propius
639 2686 768 2752 accedit
791 2686 833 2774 (Φ
853 2690 914 2752 193
932 2685 1044 2772 ss.)‚³⁰)
1070 2685 1159 2770 apud
1175 2707 1271 2769 quem
1288 2684 1396 2749 Ache·

217 2792 290 2857 lous
305 2793 398 2857 iuxta
414 2791 593 2878 Oceanum,
619 2815 657 2857 ex
682 2815 746 2876 quo
771 2794 912 2859 omnium
937 2794 1080 2858 amnium
1097 2792 1300 2876 fontiumque
1325 2813 1396 2856 cur-

219 2921 273 2964 sus
297 2900 425 2965 initium
449 2901 590 2986 capiant,
615 2901 877 2984 potentissimum
895 2899 1038 2965 fluminis
1062 2922 1181 2965 numen
1200 2899 1305 2986 est.³¹)
1337 2899 1397 2962 Di-

219 3007 344 3094 dymus,
372 3007 535 3073 Homeri
565 3015 800 3073 commentator
823 3008 972 3073 Acusilai
996 3007 1101 3073 locum
1126 3006 1222 3072 nobis
1246 3007 1395 3073 servavit.

306 3312 340 3378 ³0)
360 3314 398 3364 Cl.
425 3315 512 3364 schol.
541 3311 636 3367 Φ194
661 3315 845 3379 (Zenodotillz
873 3315 947 3379 τινὲς
966 3312 996 3365 δὲ
1015 3315 1050 3365 οὐ
1068 3313 1212 3383 γράφουσι
1232 3313 1280 3364 τὸν
1300 3313 1397 3380 στίχον

219 3405 288 3468 (scil.
303 3420 327 3454 V.
342 3401 416 3469 195),
436 3401 575 3467 θέλοντες
594 3402 709 3469 (πάντα)
729 3404 761 3469 ἐξ
779 3401 929 3471 Ἀχελῴου
944 3406 1013 3474 ῥεῖν,
1034 3404 1083 3455 τὸν
1095 3403 1149 3473 χὰρ
1162 3403 1250 3454 αὐτὸν
1262 3399 1397 3453 Ὠκεανὸν

218 3491 356 3560 Ἀχελῴῳ
376 3493 472 3562 φασίν.
500 3493 675 3543 Aristarchus
689 3494 727 3542 ita
741 3508 800 3542 rem
819 3494 947 3555 instituit,
969 3499 999 3543 ut
1017 3509 1052 3543 ex
1071 3495 1132 3543 eius
1152 3497 1244 3542 mente
1259 3493 1396 3541 Achelous

218 3588 295 3632 esset
308 3583 385 3651 πηγὴ
399 3586 454 3632 τῶν
467 3579 572 3633 ἄλλων
585 3581 707 3647 πάντων,
722 3582 851 3632 Oceanus
862 3597 927 3632 veru
941 3584 956 3633 ὁ
970 3580 1116 3647 ἐπιδιδοὺς
1129 3586 1199 3633 πᾶσι
1214 3581 1247 3631 τὰ
1260 3582 1396 3650 ῥεύματα.

152 3689 154 3694 ’
220 3701 247 3709 -
268 3671 387 3722 Omnino
407 3686 461 3722 non
482 3676 534 3733 est,
555 3687 605 3722 cur
624 3687 689 3721 curn
708 3672 825 3735 Bergkio
846 3672 947 3736 (Jahrb.
969 3673 988 3727 f.
1004 3673 1073 3721 Phil.
1087 3687 1115 3721 u.
1131 3673 1195 3721 Pto.
1211 3672 1264 3720 vol.
1277 3671 1309 3722 81
1327 3669 1398 3721 1860

219 3777 243 3825 p.
263 3760 325 3823 394,
346 3760 390 3829 97)
410 3767 521 3811 etcum
541 3761 637 3811 Stolllo
657 3762 768 3825 (Rosoh.
789 3775 811 3812 s.
831 3759 981 3828 Achelous)
1001 3777 1026 3810 ν.
1047 3758 1099 3812 195
1118 3761 1261 3810 eiciamus.

307 3850 342 3916 31)
363 3852 458 3913 ltaque
478 3864 533 3899 non
553 3854 658 3900 temere
677 3850 745 3898 mihi
772 3850 867 3899 videor
886 3864 997 3913 negare,
1022 3850 1184 3899 Acusilaum
1208 3850 1321 3898 omnino
1342 3863 1396 3897 non

219 3941 254 3989 ab
273 3941 393 3990 Homero
412 3940 543 4002 pendere,
564 3953 669 4003 quare
688 3940 846 4003 Bergidum,
867 3940 884 3990 l.
902 3954 925 3990 c.
945 3954 971 4002 p.
990 3936 1052 4000 394,
1072 3936 1108 3991 96
1127 3939 1265 3988 erravisse
1285 3952 1397 3988 censeo.

219 4030 307 4079 immo
337 4031 398 4094 „die
426 4029 525 4089 «there,
556 4029 662 4078 reinero
692 4019 917 4092 ilberlielerung“
946 4030 991 4078 hic
1019 4029 1079 4092 ipse
1107 4032 1166 4078 erat
1194 4028 1340 4078 Homerus
1369 4055 1395 4062 -

219 4119 308 4178 Quam
337 4120 521 4169 excellentem
547 4119 709 4182 dignitatern
738 4133 794 4168 non
824 4119 917 4168 solum
945 4119 1096 4168 Homerum
1125 4123 1207 4180 atque
1237 4117 1397 4166 Acusilaum

218 4208 339 4257 Acheloo
365 4209 498 4258 tribuisse
526 4223 561 4258 ex
588 4213 764 4271 posterorum
793 4209 905 4270 scriptis
934 4209 1003 4257 satis
1032 4209 1138 4269 elucet;
1167 4207 1201 4256 cl.
1230 4207 1287 4259 Vih.
1315 4205 1396 4267 Sequ·

219 4298 253 4346 de
267 4297 344 4347 ilum.
359 4313 381 4348 s.
396 4298 547 4348 Achelous:
570 4298 724 4363 „Achelous
739 4298 853 4347 Aetoliae
872 4299 979 4360 primus
1000 4298 1128 4360 erupisse
1147 4301 1250 4346 terram
1271 4293 1397 4345 dicitur-¹⁴.

220 4386 309 4442 Schol.
331 4388 408 4438 Hom.
432 4383 455 4436 Φ
475 4386 526 4440 194
546 4385 623 4455 (adn.
643 4384 687 4450 30)
708 4392 759 4439 eto.

1327 4471 1343 4522 2
