3486 5116
797 425 1016 487 ...22-

610 626 924 716 [QIOFIQN
944 626 1129 684 BIBAION
1151 619 1196 686 Γ.

403 780 504 865 Frg.
527 780 579 845 12
603 778 732 864 (Muell.
764 778 866 844 FHG
889 780 907 844 I
931 802 963 864 p.
987 780 1194 848 XXXVIII
1217 803 1250 850 n.
1284 780 1316 866 7)
1341 815 1366 833 =
1391 783 1491 848 σοίιοί.

319 889 413 952 Hom.
444 895 473 950 Ψ
491 889 558 953 296
586 887 683 957 Tacts

404 1002 657 1088 Ἀκουσίλαος
680 1008 712 1076 ἐν
735 1015 833 1098 τρίτῳ
849 1013 1059 1096 γενεαίογιιῦν
1075 1009 1183 1098 κύριον
1199 1003 1313 1100 ἤκουσε
1329 1011 1367 1078 τὸ
1386 1005 1491 1095 ,Ἐχέ-

316 1119 444 1195 frelo&
472 1112 584 1195 οὕτως·
611 1116 823 1199 ηΚλοωνύμου
846 1109 1038 1206 ὀ”Αγχίσης,
1063 1127 1121 1182 τοῦ
1144 1117 1178 1183 δὲ
1201 1113 1411 1201 Ἑχέπωλος.“
1437 1121 1492 1185 καὶ

319 1225 493 1312 Φερεκύδης
515 1223 548 1291 ἐν
570 1233 617 1312 τῷ
639 1229 748 1311 τρίτῳ·
780 1223 990 1310 ,Klrdvvpog
1013 1224 1046 1290 δὲ
1070 1218 1087 1290 ὃ
1111 1225 1259 1303 Πέλοπος
1281 1219 1359 1312 ᾤκει
1382 1229 1492 1292 Κλειο-

316 1342 388 1420 νῇσι
418 1330 674 1422 καταστήσαντος
697 1323 849 1419 Ἀτρέας,
883 1340 940 1397 τοῦ
970 1332 1004 1398 δὲ
1035 1337 1159 1417 γίνεται
1182 1324 1346 1420 Ἀγχίσης,
1378 1343 1436 1399 τοῦ
1458 1334 1493 1399 δὲ

290 1432 526 1522 ingeniola-,⁴⁴

405 1567 458 1629 Ex
482 1565 604 1630 scholio
628 1564 661 1629 A
691 1556 914 1653 (Ἀγχισιάιίρς
947 1557 1136 1651 Ἐχέπωλος]
1169 1559 1220 1630 ὅτι
1252 1558 1365 1652 ἄδηλον
1396 1575 1492 1631 ποῖον

317 1671 354 1738 τὸ
377 1671 485 1758 κύριον
508 1663 617 1755 ὄνομα,
640 1670 761 1754 μᾶλλον
784 1671 818 1736 u
840 1671 878 1738 τὸ
901 1663 1099 1758 Ἐχέπωλος)
1123 1675 1188 1738 iam
1203 1671 1390 1738 Aristarchi
1413 1681 1492 1738 tem-

316 1781 451 1865 poribus
467 1780 735 1862 disceptationem
753 1781 916 1845 exstitisse
933 1789 1086 1863 apparet,
1111 1802 1260 1864 quaenam
1277 1780 1377 1845 fuerit
1394 1782 1493 1845 etiam

318 1888 417 1954 schol.
435 1886 514 1956 Tul.
533 1909 591 1952 nos
616 1887 721 1955 docet.
755 1885 801 1951 Ut
826 1888 977 1970 suspicio,
1002 1878 1187 1968 Ἐχέπωλος
1209 1888 1281 1951 voci
1304 1888 1412 1970 potius
1436 1909 1493 1951 no·

317 1995 413 2059 minis
451 1995 575 2079 proprii
606 1996 670 2058 vim
710 2017 781 2059 esse
819 1994 1072 2076 attribuendam,
1108 1993 1287 2076 probabilis
1325 1994 1491 2073 reddatur,

317 2102 466 2167 Acusilai
497 2113 529 2167 et
559 2101 759 2185 Pherecydis
789 2108 1017 2185 proponuntur
1045 2103 1232 2166 testimonia
1255 2123 1327 2185 quae
1356 2103 1390 2165 in
1421 2102 1493 2185 ipsa

322 2209 513 2292 genealogia
548 2207 714 2273 afferenda
747 2209 844 2292 plane
879 2209 966 2274 inter
998 2231 1032 2273 se
1063 2209 1280 2276 consentiunt.
1327 2206 1493 2274 Auctores

317 2323 438 2400 praeter
459 2315 641 2380 Homerum
665 2355 709 2361 -
733 2338 806 2380 eum
831 2317 858 2380 si
882 2316 1013 2381 omnino
1036 2316 1217 2399 respiciunt
1240 2353 1281 2362 —
1307 2316 1405 2380 etiam
1429 2314 1492 2380 alio

319 2443 358 2486 ex
381 2421 472 2486 sonte
489 2422 678 2502 hauserunt,
704 2423 823 2506 quippe
848 2444 921 2487 cum
938 2420 1107 2506 Cleonymi
1122 2443 1242 2487 nomen
1259 2422 1346 2506 apud
1361 2428 1492 2506 poetam

318 2551 384 2593 non
406 2529 544 2614 legatur.

406 2637 494 2702 Num
507 2635 588 2701 illud
600 2635 792 2719 Κλεωνύμου
804 2627 897 2716 ὅ’.4.,
909 2643 968 2700 τοῦ
980 2635 1013 2700 δὲ
1024 2636 1074 2702 ‘E.
1088 2636 1195 2701 locum
1207 2635 1354 2702 Acusilai
1367 2636 1410 2700 ad
1422 2659 1492 2701 ver-

318 2743 395 2807 bum
423 2745 592 2827 exprimat,
621 2750 758 2829 propter
784 2744 959 2828 fragmenti
983 2743 1176 2808 brevitatem
1199 2744 1296 2827 plane
1321 2743 1493 2810 diiudicari

319 2856 445 2933 nequit:
471 2851 581 2916 dicant
603 2851 735 2937 licet.³⁹)
766 2852 820 2917 De
844 2851 1002 2916 vocabulo
1019 2843 1134 2939 ἤκουσε
1154 2851 1205 2933 ci,
1231 2873 1303 2934 quae
1328 2850 1371 2916 ad
1394 2851 1492 2937 frg.8

319 2959 469 3042 exposui3
493 2958 539 3022 nil
555 2960 618 3023 nisi
644 2957 828 3044 ,varstand
852 2957 1072 3040 gebrauchte“
1092 2958 1253 3041 significat
1269 2980 1376 3041 neque
1402 2958 1489 3041 quic·

319 3086 416 3147 quam
441 3065 531 3130 dubii
553 3067 709 3150 relinquit
732 3066 919 3133 scholiasta.

406 3171 550 3238 Ubinam
577 3173 794 3255 fragmentum
824 3173 974 3238 inseres?
1019 3173 1096 3237 Non
1122 3178 1212 3237 certa
1245 3171 1342 3237 datur
1373 3171 1490 3235 diiudi-

319 3280 415 3344 catio.
447 3280 520 3344 Nisi
545 3281 630 3363 (cum
654 3279 697 3344 ad
720 3280 928 3362 genealogias
943 3281 1053 3363 potius
1069 3280 1178 3344 omnia
1194 3301 1292 3362 quam
1308 3279 1350 3343 ad
1367 3279 1493 3344 fabulas

319 3386 492 3452 referenda
517 3388 594 3472 sint)
620 3387 660 3451 de
684 3387 852 3472 Echepolo
876 3388 910 3452 in
934 3387 1152 3452 Troianorum
1175 3386 1274 3452 rebus
1300 3407 1492 3451 commemo-

319 3500 390 3558 rato
422 3495 565 3577 cogitare
601 3494 690 3574 velis,
726 3494 877 3559 Acusilai
913 3494 1036 3559 dictum
1067 3516 1106 3559 ex
1139 3500 1309 3559 stemmate
1342 3491 1492 3577 Sicyonis

319 3600 533 3686 (Echepolus)
557 3601 607 3665 vel
632 3598 829 3668 Cleonarum
861 3600 1089 3688 (Cleonymus)
1121 3623 1272 3666 manasse
1295 3602 1366 3666 iure
1390 3602 1493 3684 suspi-

320 3709 457 3773 daberis.

408 3853 508 3937 Frg.
532 3853 584 3917 13
608 3851 679 3939 (29)
703 3852 852 3919 :schot
876 3852 983 3932 Apoll.
1010 3851 1070 3917 Ro.
1096 3860 1176 3933 Arc.
1202 3859 1231 3915 Δ
1255 3853 1340 3916 992:

409 3975 545 4060 αἵματος
563 3970 739 4064 Οὖρανίοιο]
760 3969 1003 4054 Ἀκουσίλαος
1027 3975 1059 4042 ἓν
1082 3985 1121 4064 τῇ
1144 3981 1235 4064 τρίτῃ
1252 3981 1359 4065 φησίν,
1385 3971 1436 4042 ὅτι
1460 3973 1494 4041 ἐκ

319 4092 375 4171 τῆς
398 4082 531 4168 ἓκτομῆς
546 4093 603 4150 τοῦ
622 4077 761 4171 Οὔρανοῦ
778 4087 906 4174 ῥανίδας
922 4082 1124 4172 ἒνινεχθῆναι
1141 4089 1322 4163 συνέπεσεν,
1347 4088 1493 4149 τουτέστι

408 4283 442 4350 39)
463 4288 503 4337 lta
522 4288 690 4351 Bernhardy,
712 4287 754 4341 Gr.
774 4288 851 4352 Littg.
872 4288 882 4336 l
902 4302 926 4350 p.
945 4285 1010 4348 2353
1031 4293 1060 4337 at
1078 4293 1136 4337 tum
1156 4288 1258 4336 addam
1279 4285 1492 4350 fragmentum?

322 4378 359 4442 (et
377 4375 431 4441 36).
