3486 5116
731 477 950 538 -55-

251 670 285 727 et
316 666 483 731 oraculum
512 669 750 751 imperiumque
781 669 814 732 in
848 668 1008 733 Troianos
1040 668 1184 734 futurum
1218 671 1316 736 etiam
1349 671 1426 736 alibi

249 771 502 860 invenimus.¹²²)
534 775 662 858 Nempe
678 776 779 858 igitur
794 785 1011 841 narraverant
1026 775 1110 841 hanc
1128 779 1309 843 versionem
1327 780 1427 862 scrip-

249 884 348 956 tores
378 880 435 945 sed
458 882 646 946 narratione
672 883 795 965 primus
819 881 997 948 Acusilaus
1020 884 1067 948 ila
1091 905 1169 948 usus
1194 905 1264 949 esse
1288 885 1427 960 videtur,

250 991 288 1049 ut
318 1005 390 1051 eam
426 1010 557 1054 causam
592 989 745 1054 redderet
778 990 1024 1054 concumbendi.
1071 990 1120 1054 At
1152 991 1262 1057 hercle
1295 993 1427 1056 minime

249 1093 420 1158 miraberis
445 1116 518 1159 eum
538 1096 660 1160 oraculi
685 1103 717 1160 et
742 1097 978 1162 concubinatus
995 1097 1123 1162 fabulas
1141 1098 1347 1164 coniunxisse
1372 1099 1426 1181 (cf-

250 1199 311 1282 frg.
345 1204 410 1281 26).
458 1202 544 1266 Illud
582 1225 710 1286 quoque
740 1197 796 1290 ἥόη
820 1203 1043 1291 nuncupanda
1074 1205 1299 1285 rationalismi,
1331 1228 1428 1288 quem

252 1305 399 1389 dicimus,
425 1311 549 1392 signum
575 1317 625 1374 est
648 1310 787 1393 ideoque
814 1309 1006 1376 Acusilaum
1030 1313 1106 1376 olet.

339 1414 505 1480 Venerem
528 1415 719 1481 Alexandro
743 1413 881 1482 Helenae
914 1417 1109 1483 desiderium
1136 1407 1257 1483 'fecisse
1292 1426 1324 1483 et
1354 1441 1427 1484 eum

250 1523 284 1585 in
311 1519 475 1586 Graeciam
499 1522 540 1587 ad
564 1530 706 1588 amatam
729 1523 921 1607 rapiendam
950 1524 1131 1608 profectum
1155 1547 1227 1590 esse
1251 1527 1316 1590 iam
1340 1526 1426 1610 apud

251 1627 431 1694 Homerum
441 1629 495 1712 1²³)
522 1631 609 1695 etin
635 1629 765 1714 Cypriis
790 1632 1075 1715 deprehendimus.
1111 1631 1194 1697 Haec
1217 1655 1293 1698 vero
1318 1655 1426 1715 causa,

251 1757 351 1818 quare
377 1736 438 1801 dea
462 1737 523 1802 hoc
541 1736 695 1821 effecerit,
719 1760 879 1822 nusquam
904 1740 967 1804 nisi
983 1739 1045 1804 hoc
1068 1739 1140 1805 loco
1164 1740 1259 1806 nobis
1276 1742 1427 1818 occurrit,

251 1845 348 1908 immo
373 1850 422 1908 est
439 1844 652 1910 directissime
678 1867 717 1910 ex
740 1847 930 1911 narratione
945 1847 1153 1930 praecedente
1170 1847 1328 1913 derivata.
1360 1847 1428 1912 Ia-

251 1972 315 2034 que
333 1951 432 2014 etiarn
448 1952 518 2016 hacc
534 1952 577 2017 ad
591 1949 784 2018 Acusilaum
800 1953 987 2018 referantur
1003 1975 1136 2018 necesse
1154 1961 1212 2024 est.
1245 1955 1425 2037 Respuisse

251 2055 350 2140 igitur
382 2059 511 2124 videtur
541 2067 654 2124 noster
683 2060 829 2125 fabulam
859 2059 947 2124 illam
978 2059 1154 2146 vulgarem,
1187 2082 1258 2143 quae
1288 2061 1427 2126 Helena

252 2173 383 2249 raptum
407 2188 479 2230 cum
505 2165 686 2238 Alexandri
717 2167 836 2231 iudicio
861 2167 1081 2251 conjungebat
1109 2168 1168 2250 (ita
1192 2169 1257 2232 iarn
1282 2166 1427 2253 Cypria).

340 2273 392 2336 Ex
416 2274 574 2340 vocabulo
597 2265 727 2360 ἁρπαγή
749 2295 816 2338 non
839 2273 916 2339 licet
940 2273 1145 2357 concludere,
1176 2274 1340 2338 Helenam
1364 2295 1429 2338 non

253 2401 312 2444 sua
336 2388 461 2464 sponte,
487 2381 544 2446 sed
568 2388 714 2446 coactam
738 2381 963 2446 Alexandrum
988 2387 1132 2446 secutam
1157 2403 1238 2446 esse.

343 2486 427 2552 Cum
450 2509 526 2552 vero
551 2495 666 2552 auctor
698 2494 767 2553 tota
792 2488 854 2553 hac
881 2489 1070 2554 narratione
1094 2488 1214 2553 fabulae
1248 2488 1428 2571 antiquitus

253 2594 383 2658 traditae
408 2600 615 2678 repugnaret,
641 2617 713 2678 quae
730 2595 894 2663 Venerem
911 2601 987 2661 ante
1005 2595 1139 2660 Troiam
1155 2617 1195 2660 ex
1211 2595 1428 2659 Troianorum

251 2700 401 2784 partibus
425 2709 512 2766 stare
537 2702 670 2784 fecerat,
701 2705 862 2786 apposuit,
896 2703 982 2786 quod
1007 2702 1121 2767 ultimo
1145 2703 1178 2766 in
1203 2702 1326 2767 scholio
1350 2701 1427 2783 legi-

214 2809 216 2814 ’
253 2831 335 2872 mus.
383 2807 465 2892 Quae
489 2809 590 2892 igitur
618 2831 689 2873 curn
715 2831 754 2874 ex
785 2809 1054 2875 antecedentibus
1087 2816 1267 2892 sequantur
1297 2829 1430 2874 necesse

253 2917 305 2996 sit,
330 2937 403 2979 cum
427 2921 588 2998 praeterea
611 2916 696 2980 hanc
719 2917 878 2980 rationem
902 2937 1072 2981 causarum
1099 2917 1196 2981 rebus
1220 2915 1430 2999 adponenda-

253 3044 324 3085 rum
361 3029 459 3105 atque
496 3022 790 3105 discrepantiarum
825 3023 1070 3088 enodandarum
1102 3022 1258 3088 Acusilao
1290 3023 1429 3086 maxime

253 3131 419 3213 propriam
428 3129 558 3195 aliunde
568 3129 1150 3214 cognitamhabeamus,cuminsuper
1159 3130 1245 3213 apud
1255 3129 1354 3194 alium
1363 3149 1429 3192 non

253 3237 413 3323 legantur,
445 3258 518 3300 cum
542 3237 682 3320 denique
711 3236 768 3321 (ad
791 3237 825 3300 id
848 3236 935 3320 quod
966 3237 1148 3300 invenimus
1171 3234 1428 3300 confirmandum

254 3345 492 3428 subscriptione
517 3345 564 3409 uti
588 3343 713 3428 licebit)
743 3342 890 3408 Acusilai
921 3363 1038 3407 nomen
1062 3342 1185 3408 scholio
1209 3342 1430 3424 subscriptum

255 3453 305 3528 sit,
330 3451 438 3516 facere
462 3474 528 3516 non
552 3473 684 3535 possum
705 3451 898 3534 quinetiam
922 3449 1094 3532 fragmenti
1111 3449 1208 3513 finem
1231 3448 1308 3512 inde
1332 3469 1351 3512 a
1374 3447 1430 3511 καὶ

252 3556 334 3639 μετὰ
359 3559 486 3624 auctori
509 3565 622 3624 nostro
639 3557 834 3626 adscribam.
867 3555 1027 3620 Nimirum
1046 3557 1195 3640 scriptor,
1221 3577 1293 3620 curn
1309 3555 1430 3620 rationi

256 3666 364 3730 onmia
387 3666 558 3750 tribueret,
588 3664 732 3729 fabulam
757 3686 829 3747 quae
852 3662 990 3728 Helenae
1020 3664 1272 3727 simulacrum
1296 3660 1428 3726 Troiam

344 3887 387 3953 ¹2³)
410 3891 487 3939 llum.
508 3887 535 3940 Ε
553 3889 604 3941 311
624 3904 663 3938 ss.
685 3888 708 3940 Υ
723 3888 775 3942 302
790 3904 828 3941 ss.
850 3892 924 3951 (cum
945 3888 1072 3936 versibus
1091 3885 1142 3938 30?
1163 3892 1189 3936 ct
1208 3885 1260 3938 308
1280 3889 1313 3939 cl.
1335 3888 1428 3950 hymn.

256 3980 333 4029 llom.
355 3980 388 4029 lV
407 3977 460 4030 lac
479 3976 521 4045 s..)
568 3980 688 4028 Aeneam
708 3979 734 4026 in
755 3979 888 4027 'l'roiauos
909 3978 946 4040 (in
967 3977 1064 4039 patriai
1085 3981 1264 4040 regnaturum
1285 3990 1349 4025 esse
1369 3976 1429 4024 Arc-

254 4069 303 4117 tini
323 4083 435 4132 quoque
455 4069 506 4118 lliu
527 4068 649 4117 Persidis
668 4069 790 4117 auctoris
811 4067 930 4116 narratio
950 4071 1016 4123 crat,
1038 4066 1115 4115 Dion.
1134 4067 1194 4114 Hal.
1216 4065 1292 4127 1583
1317 4065 1429 4114 Tzetzes

256 4159 317 4222 Lyc.
338 4155 398 4209 970.
421 4186 448 4194 -
469 4157 535 4216 Quae
555 4162 647 4206 tamen
664 4157 757 4206 tabula
777 4171 831 4205 nou
852 4155 982 4204 omnibus
996 4155 1154 4204 eommunis
1174 4155 1224 4203 luit
1238 4153 1428 4216 logograpbis:

255 4246 416 4296 llellanicus
436 4261 478 4295 ox.
499 4261 536 4309 gr.
558 4247 678 4294 Aeneam
705 4246 824 4294 navibus
851 4245 878 4293 iu
908 4244 1010 4293 ltaliam
1038 4248 1146 4292 vectum
1173 4256 1237 4291 esse
1263 4247 1429 4304 exposuerat

254 4337 315 4399 llrg.
335 4334 370 4386 53
389 4335 455 4384 FllG
475 4334 558 4393 152).

345 4423 392 4492 ¹2³)
412 4426 440 4473 Γ
457 4425 515 4476 174.
536 4424 551 4476 ὁ
571 4424 631 4477 ⁶261.
652 4425 689 4474 Cl.
711 4426 738 4473 Γ
753 4424 812 4475 421.
