3486 5116
806 442 1028 504 -20..

415 634 517 699 Haud
534 633 631 700 dubie
654 635 687 699 in
712 656 751 700 ea
773 634 958 718 theogonia
974 641 1078 719 parte,
1104 655 1168 718 qua
1192 634 1232 698 de
1249 634 1417 720 Typhonis
1441 636 1504 700 cri-

327 742 401 824 gine
425 741 524 807 verba
547 741 681 826 fecerat,
706 740 882 807 Acusilaus
908 743 1006 806 etiam
1026 762 1168 826 pugnarn
1185 742 1272 806 inter
1288 764 1360 806 curn
1376 742 1502 806 Iovem-

327 871 390 932 que
415 856 519 915 0rtam
545 849 773 933 descripserat.

415 956 533 1041 Neque
557 957 622 1022 alio
646 964 785 1042 spectat,
810 956 987 1042 quodiam
1010 955 1197 1038 prolaturus
1222 979 1303 1039 sum,

415 1137 515 1221 Frg.
539 1137 591 1201 lc
615 1135 663 1223 (4)
687 1170 712 1188 =
737 1135 835 1201 sclrot.
861 1136 1026 1202 Nicandri
1051 1135 1197 1200 ructuat.
1225 1137 1257 1201 M
1279 1135 1324 1219 (=
1343 1137 1416 1202 Hes.
1426 1134 1502 1218 ἵνα.

328 1245 349 1308 2
374 1244 586 1325 apur.1tr·.).·

416 1386 577 1452 Nicandri
601 1409 631 1456 τ.
657 1391 676 1451 8
702 1409 759 1453 ss:

417 1493 502 1546 Ἀλλ’
521 1496 539 1562 ἦ
560 1513 601 1546 τοι
621 1495 766 1565 κακοεργδι
784 1492 942 1564 φαλάγγια,
970 1495 1025 1544 σὺν
1043 1493 1091 1544 καὶ
1111 1493 1248 1562 ἀνιγροδς

420 1584 563 1654 ἑρκηστδις
583 1585 663 1653 ἔχιάς
682 1603 710 1635 τε
730 1584 778 1635 καὶ
797 1581 893 1652 ἄχθεα
912 1585 1004 1653 μυρία
1022 1584 1106 1653 γαίης

421 1672 549 1741 Τιτήνων
568 1676 723 1726 ἐνέπουσιν
740 1673 790 1743 ἀφ’
809 1675 936 1742 αἵματος,
956 1675 983 1724 εἰ
1002 1675 1080 1724 ἐτεόν
1099 1693 1153 1744 περ

418 1762 572 1832 Ἀσκραῖος
590 1764 731 1833 μυχάτοιο
750 1760 967 1830 Μελισσήεντος
986 1763 1031 1814 ἐπ’
1050 1762 1155 1831 ὄχθαις

418 1852 551 1918 Ἡσίοδος
570 1852 706 1919 κατέλεξε
726 1852 794 1921 παρ’
813 1850 898 1903 ὕδασι
917 1851 1114 1923 Περμησσοῖο.

418 1977 518 2043 schol.
543 2001 571 2041 v.
600 1982 636 2043 11
663 1978 783 2062 partim
808 1978 858 2041 bis
881 1976 1038 2041 traditum
1063 1979 1124 2042 sic:

592 2120 624 2184 A
916 2122 919 2165 ¹
1210 2121 1239 2184 B

916 2193 918 2226 Ι

374 2246 541 2312 ἷστέονιδὲ
570 2239 620 2313 ὅτι
649 2244 802 2332 ψεύδεται
825 2249 889 2310 Νί-
916 2227 918 2382 ἰ

330 2354 463 2442 κανδρος
487 2353 639 2419 ἐνταῦθα.
666 2345 806 2436 οὐδαμοῦ
829 2352 890 2439 γὰρ

990 2246 1066 2331 περὶ
1082 2253 1157 2331 γοῦν
1173 2254 1228 2333 τῆς
1246 2254 1311 2311 τῶν
1326 2245 1504 2313 δακνόντων

941 2357 1072 2439 ’θηρίων
1095 2357 1257 2438 γενέσεως,
1284 2347 1334 2417 ὅτι
1359 2350 1446 2417 ἐστὶν
1470 2351 1504 2417 ἐκ

328 2472 424 2528 τοῦτο
440 2459 531 2528 εἶκεν
545 2462 603 2549 (sc.
622 2454 638 2526 ὁ
654 2453 839 2547 Ἀσκραῖος)
857 2458 889 2526 ἐν

327 2581 398 2648 τοῖς
422 2575 656 2658 πραττομένοις
679 2620 886 2636 .......

301 2701 314 2740 s
331 2727 886 2747 .................

944 2468 1009 2525 τῶν
1029 2459 1172 2525 Τιτάνιον
1184 2469 1240 2525 τοῦ
1253 2458 1397 2543 αἵματος,
1415 2458 1504 2545 παρὰ

944 2566 1003 2650 μὲν
1025 2575 1073 2654 τῷ
1095 2560 1230 2654 Ἡσιόδῳ
1261 2559 1317 2632 οδκ
1341 2565 1427 2636 ἔστιν
1451 2561 1504 2633 εὗ-

944 2699 1020 2761 petr.

915 2793 917 2817 ⁵
988 2774 1505 2870 Ἀκοοσίλαοςδὲφησινέκτοῦ

945 2888 1081 2972 αἳματος
1114 2899 1172 2955 τοῦ
1210 2898 1363 2977 Τυφῶνος
1395 2889 1504 2955 πάντα

944 2995 984 3060 τὰ
1009 2996 1162 3063 δάκνοντα
1185 3002 1350 3082 γενέσθαι,
1380 2989 1504 3062 Ἀπολ-

943 3103 1058 3182 λώνιος
1088 3105 1121 3169 δὲ·
1151 3098 1167 3169 ὃ
1195 3097 1408 3182 Ῥόδιος
1438 3097 1506 3170 cine

943 3219 1009 3277 τῶν
1025 3210 1188 3296 σιαγόνων
1203 3219 1260 3275 τοῦ
1276 3221 1333 3297 τῆς
1350 3211 1506 3296 Γοργόνος

945 3317 1091 3402 αἵματος.

942 3461 968 3516 4.
989 3469 1037 3515 τοῦ
1056 3462 1175 3530 ὴσιόδον
1195 3465 1225 3514 K.

943 3552 967 3604 6.
988 3551 1163 3622 &persultans
1182 3553 1203 3600 G
1222 3550 1402 3621 ἀρκυσίλαος
1421 3555 1447 3603 L.

942 3642 967 3695 8.
987 3645 1048 3693 Non
1068 3647 1111 3693 est
1130 3657 1180 3692 cur
1195 3657 1260 3691 curn
1280 3642 1411 3692 Stiehleic
1431 3640 1457 3710 (l.
1478 3658 1501 3693 c,

987 3747 1012 3794 p.
1033 3731 1097 3796 609)
1117 3747 1167 3795 pro
1188 3728 1328 3781 δάκνοντα
1348 3733 1505 3781 scribamus

988 3819 1089 3873 δάκετα
1109 3823 1153 3870 vel
1173 3818 1285 3871 δακετοὶ.

417 3944 517 4010 Initio
543 3945 656 4011 scholii
686 3944 737 4010 bis
761 3944 875 4010 eadem
909 3944 1075 4009 vocabulis
1108 3945 1243 4009 mutatis
1267 3945 1408 4028 repetita
1433 3965 1503 4008 esse

327 4075 422 4118 nemo
450 4058 500 4117 est
523 4054 599 4136 quin
625 4051 744 4117 videat.
793 4050 1011 4116 Scholiastam
1035 4052 1240 4118 Nicandrum
1265 4050 1426 4116 mendacii
1451 4073 1503 4116 cc·

329 4166 520 4245 arguentem
544 4160 679 4224 laudare
705 4159 871 4224 debemus.

416 4267 652 4350 Fragmentum
672 4274 821 4332 nostrum
845 4266 1028 4350 fragmento
1054 4271 1073 4330 6
1099 4288 1163 4330 non
1188 4273 1361 4350 repugnat,
1387 4267 1506 4350 quippe

328 4397 400 4439 cum
415 4375 482 4440 illic
499 4374 539 4438 de
556 4374 682 4457 magnis
698 4382 797 4457 atque
814 4374 930 4438 divinis
947 4373 1142 4440 animalibus
1158 4374 1259 4438 rerba
1276 4371 1367 4457 fiant,
1392 4379 1506 4438 nostru
