3486 5116
804 455 1016 517 ..76-

320 668 361 711 ne
386 646 491 712 dicam
514 648 667 730 inopiam,
700 654 809 713 tamen
835 668 930 731 spero
963 669 1014 711 me
1038 645 1196 712 nonnulla
1228 648 1413 710 accuratius
1436 644 1492 709 ad·

321 754 473 820 umbrare
497 775 602 838 posse,
634 755 682 821 ita
705 761 743 820 ut
765 754 862 838 paulo
894 754 1013 820 clarior
1045 753 1139 818 nobis
1164 752 1293 818 eluceat
1323 753 1490 836 scriptoris

319 862 437 945 image.

408 967 554 1032 Primum
579 967 709 1051 quidem
733 989 927 1051 quaeramus,
959 989 1036 1033 num
1061 973 1182 1050 praeter
1204 966 1387 1031 Hesiodum
1411 966 1491 1030 alios

320 1075 468 1140 Acusilai
492 1075 599 1141 fontes
630 1075 801 1140 enucleare
829 1074 937 1139 liceat.
984 1074 1093 1139 Multa
1123 1082 1212 1139 certe
1235 1095 1301 1138 non
1326 1079 1492 1156 exspecta-

320 1183 380 1264 bis,
413 1204 485 1246 oum
509 1188 622 1248 noster
644 1183 763 1246 rationi
787 1183 895 1247 omnia
918 1181 1063 1246 tribuere
1094 1180 1351 1246 studiosissimus
1374 1179 1491 1263 saepius

320 1291 485 1374 propriam
511 1311 603 1354 suam
619 1288 766 1373 proferat
782 1289 988 1366 sententiam,
1013 1296 1047 1354 et
1070 1288 1158 1354 dicta
1175 1289 1244 1354 eius
1267 1295 1337 1353 tum
1352 1286 1491 1370 plerum-

320 1418 384 1480 que
408 1397 503 1461 nobis
528 1404 657 1462 serrata
681 1418 761 1472 esse,
786 1419 859 1460 oum
883 1397 1026 1461 auctoris
1043 1396 1225 1478 opinionem
1250 1416 1271 1459 a
1294 1394 1411 1459 ceten's
1435 1392 1489 1458 ab·

320 1503 508 1568 horrentem
526 1505 773 1582 continuissent,
799 1502 893 1568 facile
909 1509 1139 1586 cognoscatur3
1164 1501 1247 1567 alter
1263 1502 1334 1566 fons
1358 1501 1387 1564 ei
1412 1506 1490 1580 erat,

319 1619 356 1673 nt
380 1611 553 1675 vernaculo
579 1631 726 1675 sermone
751 1617 836 1690 utar,
868 1609 920 1674 die
944 1609 1217 1676 Lokaltradition.
1266 1607 1301 1673 Si
1324 1629 1396 1691 quae
1419 1627 1491 1690 pro-

319 1716 407 1782 lerre
427 1717 516 1798 velis,
541 1723 637 1782 erunt
653 1716 736 1782 haec:
760 1716 971 1782 Homerum
995 1715 1037 1782 ab
1053 1714 1209 1782 Acusilao
1234 1737 1297 1781 non
1323 1715 1419 1800 plane
1442 1736 1492 1778 re-

322 1825 395 1906 spui
412 1823 560 1890 indicant
574 1823 757 1907 fragmenta
773 1827 792 1889 3
810 1824 839 1906 (‘?
859 1822 977 1907 0144)
1004 1829 1020 1890 7
1040 1824 1082 1905 (Φ
1100 1827 1162 1888 193
1180 1823 1237 1908 ss.)
1264 1827 1301 1889 11
1322 1821 1355 1908 (d
1370 1824 1432 1886 365
1451 1824 1491 1904 s.)

324 1933 363 1994 12
389 1931 436 2016 (Ψ
456 1934 521 1996 296
546 1953 605 2012 ss.;
635 1937 755 2014 praeter
778 1930 960 1995 Homerum
985 1951 1025 1994 ex
1049 1930 1138 1995 fonte
1163 1929 1256 1995 nobis
1279 1931 1389 2016 ignoto
1413 1929 1492 1993 hau-

320 2037 377 2122 sit)
401 2041 444 2104 40
468 2038 499 2124 l?
524 2062 542 2124 ρ
565 2040 655 2122 207).
686 2035 735 2102 At
757 2037 904 2102 ridemus
927 2038 1120 2121 scriptorem
1136 2043 1280 2102 nostrum
1298 2035 1490 2115 Hesiodum,

319 2147 340 2210 i.
369 2167 394 2209 e.
421 2146 567 2210 carmina
596 2145 669 2229 ipsa
698 2145 731 2208 in
757 2141 888 2208 Graecia
920 2150 1002 2226 orta,
1027 2144 1201 2226 diligenter
1223 2145 1257 2207 in
1280 2165 1373 2207 usum
1399 2163 1490 2206 suum

321 2253 532 2334 convertisse,
556 2252 738 2317 Homerum
762 2272 850 2331 vero,
873 2252 893 2314 i.
912 2273 940 2314 e.
972 2272 1051 2333 epos
1077 2249 1272 2331 Asiaticum,
1307 2249 1410 2312 minus
1442 2269 1489 2311 re-

320 2361 476 2442 spexisse.
501 2399 545 2405 —
568 2359 644 2442 Frg.
673 2362 711 2423 16
737 2365 770 2422 et
796 2362 834 2423 ll
863 2357 1141 2439 ,Phoronidisr
1168 2357 1303 2440 vestigia
1329 2354 1489 2419 exhibent.

322 2505 362 2512 —-
387 2465 509 2531 Itidem
534 2487 687 2530 carmen
711 2466 862 2548 epicum
886 2471 1013 2548 spectat
1035 2465 1095 2546 frg.
1122 2462 1232 2546 22.¹⁵⁸)
1258 2502 1298 2509 —
1323 2462 1400 2544 Frg.
1431 2464 1488 2526 27:

321 2573 535 2637 Pindarum
559 2580 689 2637 secutus
715 2594 786 2637 esse
814 2572 952 2636 videtur.
978 2611 1020 2618 —
1037 2573 1065 2635 F
1068 2594 1115 2656 rg.
1142 2575 1182 2636 36
1207 2571 1354 2636 condicio
1379 2568 1491 2633 similis

320 2687 380 2747 est.
420 2720 462 2726 —
503 2679 723 2746 Stesichori
758 2679 1035 2744 narratiunculam
1074 2679 1218 2744 ostendit
1256 2678 1316 2760 frg.
1357 2679 1407 2741 33.
1448 2713 1491 2722 —

321 2788 400 2870 Prg.
429 2789 487 2852 13:
519 2785 673 2851 Alcaeus
705 2786 841 2851 eandem
873 2807 970 2869 quam
1003 2794 1114 2852 noster
1137 2785 1262 2869 praebet
1287 2783 1489 2849 sententiam.

323 2931 364 2938 —
398 2892 471 2976 Quo
502 2892 563 2976 frg.
599 2896 640 2956 39
672 2893 877 2957 referendum
915 2894 956 2957 sit
988 2914 1053 2958 non
1088 2898 1218 2957 constat
1247 2892 1374 2972 (Hom,
1425 2889 1491 2953 Iliu

321 2999 431 3080 Pera,
463 2999 571 3083 hymn.
595 2999 740 3082 Hom.?).
768 3039 806 3045 -
832 2998 872 3063 In
897 3000 1046 3064 omnibus
1070 2999 1120 3063 his
1143 2999 1334 3081 fragmentis
1358 3003 1492 3079 propter

320 3107 533 3172 frustulorum
558 3107 768 3190 exiguitatem
785 3107 1055 3189 sterilitatemque
1072 3105 1295 3170 difficillimum
1319 3111 1369 3168 est
1393 3103 1490 3181 dictu,

319 3237 396 3277 mnn
422 3213 599 3278 Acusilaus
631 3235 670 3278 ex
696 3214 862 3296 scriptore,
895 3215 986 3277 cuius
1011 3235 1082 3278 oum
1108 3212 1266 3277 Acusilao
1297 3216 1489 3276 concentum

320 3321 461 3402 probare
485 3342 666 3403 possumus,
699 3342 813 3385 revera
844 3321 990 3386 hauserit
1021 3342 1063 3385 an
1087 3319 1277 3384 auctoribus
1309 3318 1396 3383 idem
1419 3317 1490 3381 fons

319 3427 466 3512 (vulgata
490 3427 644 3511 fortasse)
668 3428 858 3492 manaverit.
905 3428 1010 3492 Plane
1042 3427 1122 3491 nihil
1147 3427 1227 3491 certi
1250 3427 1315 3490 iam
1348 3444 1423 3488 vero
1451 3421 1491 3485 de

319 3535 447 3598 ratione
472 3534 535 3597 dici
552 3540 660 3616 potest
684 3556 755 3617 quae
780 3535 822 3599 sit
844 3535 929 3598 inter
954 3536 1114 3618 aequales:
1161 3532 1386 3616 Aeschylus
1409 3530 1489 3612 frgg.

323 3646 362 3704 19
381 3643 423 3704 20
441 3643 479 3705 21
507 3639 662 3723 (fortasse
686 3642 816 3724 utrique
841 3641 913 3706 lons
938 3643 1049 3727 epicus
1070 3641 1192 3726 subest,
1218 3639 1381 3706 Schwartz
1406 3637 1427 3700 l.
1443 3635 1489 3720 l).

321 3784 361 3793 —
386 3747 465 3828 Frg.
483 3749 518 3810 4:
543 3745 790 3830 Epimenidis
813 3748 833 3811 i.
853 3768 879 3810 e.
904 3747 1029 3813 falsarii
1053 3754 1182 3831 tempus
1209 3769 1275 3812 non
1298 3745 1394 3828 plane
1418 3764 1492 3806 con·

319 3861 400 3936 stat3
432 3859 465 3918 et
487 3851 664 3918 Acusilaus
688 3860 721 3918 et
747 3854 997 3938 „Epimenides“
1024 3854 1167 3920 fabulam
1199 3853 1361 3936 vulgatam
1392 3856 1492 3914 rettu-

319 3959 396 4025 lisse
427 3960 586 4025 videntur.
626 3999 669 4006 —
708 3959 896 4026 Praesertim
928 3961 1016 4044 quod
1048 3960 1245 4043 Argivorum
1281 3981 1334 4024 res
1364 3960 1490 4036 attinet,

319 4077 486 4136 auctorem
525 4067 653 4132 fabulas
693 4068 792 4152 Argis
832 4069 926 4132 tritas
966 4069 1135 4152 scripsisse
1174 4069 1242 4132 veri
1280 4075 1329 4132 est
1369 4066 1490 4130 similli-

319 4197 416 4242 mum.

319 4287 379 4292 -..—
386 4285 531 4293 ——a—

410 4334 454 4405 ¹⁵⁹)
473 4339 567 4398 Bothe,
588 4339 671 4389 Theb.
687 4339 810 4387 lleldenl.
833 4353 856 4400 p.
876 4322 935 4387 1'73.
951 4335 1011 4396 100,
1027 4336 1069 4388 35.
1096 4322 1263 4386 Schwartzl.
1278 4339 1295 4390 l.
1309 4337 1384 4387 addit
1400 4337 1447 4398 lug.
1461 4335 1491 4396 4;

319 4428 369 4475 sed
390 4429 425 4475 de
446 4427 606 4489 Epinrenide
628 4428 664 4476 nil
684 4428 750 4476 certi
769 4432 887 4479 constat.
