3486 5116
788 461 1006 522 „10.-

400 653 452 718 De
470 654 613 718 Theonis
637 659 807 718 stemmate
831 675 895 717 non
920 653 1082 736 estquod
1107 639 1348 739 dubitemus.¹'2)
1376 654 1433 733 At,
1459 656 1485 719 si

311 762 383 843 quis
400 761 490 825 illum
506 782 547 825 ne
564 759 703 824 Hesiodi
728 760 859 842 quidem
875 761 1059 844 opinionem
1077 766 1228 825 accurate
1244 759 1391 844 proferre
1409 783 1484 826 con·

310 868 434 949 tendat,
461 868 491 931 ei
514 866 750 932 obvertendum
775 874 834 944 est,
859 874 917 931 aut
939 867 1078 954 fortasse
1096 867 1241 956 scholion
1262 889 1281 931 a
1305 869 1485 950 posteriore

310 975 450 1056 quodam
477 981 666 1057 excerptore
691 974 899 1057 indiligenter
915 974 1069 1045 traditum
1095 974 1273 1068 autpquod
1297 975 1362 1039 iam
1386 997 1486 1057 supra

309 1083 429 1163 monui,
456 1088 582 1146 veteres
605 1082 711 1145 locum
729 1080 928 1164 Theogoniae
944 1061 1127 1145 Hesiodeae
1145 1081 1242 1146 variis
1259 1081 1368 1146 niodis‘
1385 1083 1486 1146 inter-

309 1193 457 1270 pretatos
482 1209 562 1252 esse.

399 1294 595 1360 Damascius
613 1317 647 1359 se
664 1294 812 1359 Acusilai
828 1316 910 1377 opus
925 1316 991 1358 non
1007 1293 1187 1376 inspexisse
1205 1294 1263 1358 sed
1279 1316 1319 1358 ex
1334 1294 1483 1360 Eudemo

308 1400 501 1466 Aristotelis
526 1402 685 1485 discipulo
709 1402 855 1466 hausisse
879 1403 948 1485 ipse
974 1400 1111 1467 fatetur:
1150 1399 1314 1489 κατὰτῇν
1337 1389 1485 1490 Εῧδῆμου

310 1506 464 1593 ἱστορίαν.
496 1509 772 1592 Neoplatonicum
795 1531 872 1573 vero
897 1530 956 1572 sua
980 1516 1095 1591 sponte
1119 1501 1204 1572 siout
1228 1509 1292 1574 alia
1315 1511 1362 1574 ita
1386 1507 1485 1593 Cupi‘-

310 1615 393 1680 dinis
417 1624 570 1699 parentes
594 1617 725 1681 finxisse
749 1617 816 1680 veri
841 1622 891 1681 est
907 1616 1164 1694 dissimillimum,
1190 1617 1310 1698 quippe
1332 1637 1403 1680 cum
1420 1619 1484 1680 iam

308 1722 498 1806 Antagoras
535 1722 730 1788 Crannonem
761 1731 893 1788 secutus
924 1723 1008 1787 hanc
1038 1723 1263 1805 genealogiam
1293 1725 1483 1807 respexerit,

308 1835 421 1893 notum
451 1831 552 1912 igitur
582 1830 680 1893 fuerit
711 1830 773 1894 hoc
806 1836 941 1894 stemma
973 1831 1037 1892 iam
1058 1831 1155 1896 'initio
1179 1831 1268 1895 tertii
1293 1852 1322 1894 a.
1348 1827 1427 1895 Chr.
1451 1853 1483 1895 n.

308 1937 475 2023 saeculi.¹³)
510 1937 700 2020 Antagoras
717 1959 816 2000 unum
831 1935 943 2018 filium,
966 1944 1033 2002 tres
1050 1937 1170 2002 liberos
1187 1938 1383 2002 Damascius
1400 1960 1484 2002 com-

308 2052 476 2109 memorat.
524 2044 643 2126 Itaque
666 2043 710 2124 id,
736 2044 823 2127 quod
846 2051 914 2108 tres
937 2045 1054 2109 Noctis
1074 2045 1241 2126 Erebique
1265 2045 1359 2108 liberi
1382 2049 1482 2110 nomi·

308 2158 438 2228 uantur,
464 2151 674 2216 Damascium
691 2151 836 2215 indicare
853 2151 1033 2234 videtur.²⁴)
1066 2154 1161 2220 Corte
1186 2173 1250 2216 non
1268 2154 1385 2237 omnia,
1410 2175 1482 2236 quae

308 2259 369 2323 hoc
394 2258 563 2324 Damascii
594 2258 665 2322 loco
689 2259 851 2341 leguntur,
883 2257 1075 2322 Acusilaum
1109 2263 1258 2340 spectare
1280 2262 1345 2323 iam
1370 2282 1409 2324 ex
1432 2281 1483 2324 ra-

307 2367 397 2430 tione
421 2374 567 2449 apparet,
601 2387 666 2448 qua
688 2365 828 2430 Hesiodi
860 2366 1055 2430 sententiam
1079 2366 1176 2448 paulo
1202 2372 1299 2430 antea
1322 2367 1482 2449 prolatam

308 2473 393 2536 idem
412 2471 607 2536 Damascius
624 2472 843 2554 amplificavit.
872 2471 938 2536 Sed
962 2471 1039 2555 quid
1055 2480 1174 2554 praeter
1191 2472 1363 2555 Cupidinis
1388 2481 1482 2538 stem·

307 2601 361 2642 ma
384 2601 499 2643 revera
521 2579 670 2643 Acusilai
695 2580 746 2658 sit,
773 2581 873 2643 statui
897 2580 1018 2663 nequit.

398 2685 525 2769 Quibus
554 2687 723 2770 perpensis
747 2687 876 2750 iamiam
905 2709 977 2769 quae
1003 2708 1127 2750 summa
1151 2687 1193 2751 sit
1215 2688 1264 2751 rei
1288 2709 1481 2770 quaeramus

308 2791 434 2858 Chaunr
460 2795 600 2857 omniurn
619 2816 728 2857 rerum
744 2792 957 2876 primordium
973 2791 1149 2857 Acusilaus
1172 2793 1299 2863 habuit:
1312 2795 1386 2859 hoo
1409 2817 1482 2878 pro-

307 2899 388 2963 bant
417 2899 630 2964 Philodemus
661 2900 932 2982 Damascinsque.
979 2899 1118 2964 Noctem
1143 2899 1314 2983 Cupidinis
1345 2907 1481 2966 matrem

308 3005 408 3071 fuisse
440 3007 642 3071 contendunt
667 3007 780 3071 Theon
806 3013 839 3070 et
862 3006 1039 3071 Eudemus,
1087 3007 1259 3071 Hactenus
1289 3009 1368 3072 satis
1392 3017 1482 3073 certa

307 3114 359 3176 via
382 3115 613 3196 processimus3
639 3113 695 3177 sed
720 3115 781 3177 iam
808 3115 840 3176 in
859 3112 1032 3197 Cupidinis
1056 3115 1160 3196 patris
1184 3115 1313 3178 nomine
1338 3116 1481 3179 eruendo

307 3219 497 3284 diiudicatio
520 3221 617 3303 plane
641 3228 732 3285 certa
756 3243 820 3284 non
845 3220 952 3285 datur.
987 3220 1111 3284 Tamen
1128 3220 1276 3286 Platonis
1301 3225 1481 3287 auctoritas

306 3326 407 3392 dubia
423 3328 473 3392 rel
491 3329 589 3392 etiam
606 3326 706 3391 infida
729 3334 828 3410 atque
845 3327 985 3391 Eudemi
1009 3349 1082 3391 cum
1098 3326 1272 3411 Antagora
1288 3327 1481 3414 (Crantore)

305 3455 484 3499 consensus
509 3435 620 3520 (immo
639 3435 678 3500 ef.
696 3433 777 3497 Hes.
796 3435 856 3498 Th.
877 3438 953 3518 123)
980 3435 1131 3514 efficiunt,
1157 3441 1192 3498 ut
1215 3457 1280 3499 non
1305 3436 1481 3500 abhorreat

305 3561 392 3604 ame
417 3542 581 3606 sententia
597 3541 788 3605 Acusilaum
811 3540 957 3606 Erebum
974 3538 1129 3624 Cupidini
1149 3541 1276 3606 dedisse
1300 3541 1480 3626 patrem.¹⁵)

396 3791 428 3857 1²)
450 3793 487 3842 Cf.
503 3791 564 3840 Otto
579 3793 661 3854 Korn,
682 3794 720 3842 De
734 3791 835 3855 Orphei
850 3792 1020 3854 Epimenidis
1040 3793 1207 3856 Pherecydis
1220 3794 1377 3856 theogoniis
1391 3809 1480 3857 qums—

304 3884 396 3933 tiones
416 3886 527 3944 erilium,
549 3886 636 3936 Berol.
658 3882 727 3935 1888
746 3898 771 3944 p.
792 3883 816 3933 6.

396 3972 427 4036 13)
448 3975 556 4024 Wilam.
577 3976 594 4022 l.
614 3989 637 4023 c.
658 3989 682 4036 p.
697 3971 731 4024 69
746 3987 768 4021 s.
797 3972 835 4022 Cl.
856 3971 975 4021 Schoem.
996 3971 1013 4019 l.
1029 3986 1053 4024 c,
1067 3986 1093 4033 p.
1114 3971 1148 4022 78
1164 3986 1186 4022 s,
1212 3973 1376 4032 llalkmann,
1398 3974 1480 4024 Psus,

306 4077 331 4126 p.
352 4061 402 4115 207
424 4078 446 4112 s.

396 4149 429 4216 14)
450 4153 488 4202 ct
509 4153 588 4201 Arist.
609 4152 655 4200 hv.
676 4149 729 4202 692
748 4165 787 4199 ss.
809 4151 902 4214 (llern,
924 4151 940 4197 l.
960 4162 983 4197 c.
1004 4163 1028 4210 p.
1049 4148 1101 4213 50).

395 4238 427 4304 ¹⁵)
447 4242 516 4290 Cum
536 4247 562 4290 ot
575 4242 603 4289 in
624 4242 783 4289 scholiastae
797 4238 950 4289 Theocritei
969 4242 996 4285 et
1013 4239 1041 4286 in
1055 4239 1193 4288 Damascii
1207 4239 1368 4301 genealogia
1381 4235 1480 4308 Αἰθήρ

305 4331 421 4392 legatur,
442 4331 480 4378 ita
499 4331 626 4379 fortassis
647 4329 785 4378 scholium
798 4329 991 4377 Theocriteum
1010 4329 1147 4391 corrigere
1161 4328 1265 4377 licebit:
1287 4324 1481 4394 Ἀκουσίλαος

305 4417 493 4484 Nmrrdgslaol
512 4417 715 4488 {noroenses}
736 4418 787 4468 aul
802 4415 948 4486 Aldr‘plal.
