<?xml version="1.0" encoding="UTF-8"?>
<!DOCTYPE html PUBLIC "-//W3C//DTD XHTML 1.0 Transitional//EN"
    "http://www.w3.org/TR/xhtml1/DTD/xhtml1-transitional.dtd">
<html xmlns="http://www.w3.org/1999/xhtml" xml:lang="en" lang="en">
 <head>
  <title>
</title>
<meta http-equiv="Content-Type" content="text/html;charset=utf-8" />
  <meta name='ocr-system' content='tesseract 3.04.00' />
  <meta name='ocr-capabilities' content='ocr_page ocr_carea ocr_par ocr_line ocrx_word'/>
</head>
<body>
  <div class='ocr_page' id='page_1' title='image "./deaeusilao01kordgoog_0041.png"; bbox 0 0 3486 5116; ppageno 0'>
   <div class='ocr_carea' id='block_1_1' title="bbox 806 437 1025 498">
    <p class='ocr_par' dir='ltr' id='par_1_1' title="bbox 806 437 1025 498">
     <span class='ocr_line' id='line_1_1' title="bbox 806 437 1025 498; baseline -0.005 -17"><span class='ocrx_word' id='word_1_1' title='bbox 806 437 1025 498; x_wconf 75' lang='grc'>-36,</span> 
     </span>
    </p>
   </div>
   <div class='ocr_carea' id='block_1_2' title="bbox 328 627 1508 1997">
    <p class='ocr_par' dir='ltr' id='par_1_2' title="bbox 328 627 1508 1784">
     <span class='ocr_line' id='line_1_2' title="bbox 329 627 1505 716; baseline -0.003 -21"><span class='ocrx_word' id='word_1_2' title='bbox 329 654 416 716; x_wconf 89' lang='lat' dir='ltr'>mus;</span> <span class='ocrx_word' id='word_1_3' title='bbox 445 632 523 695; x_wconf 91' lang='lat' dir='ltr'>item</span> <span class='ocrx_word' id='word_1_4' title='bbox 546 629 730 694; x_wconf 80' lang='lat' dir='ltr'>Pausanias</span> <span class='ocrx_word' id='word_1_5' title='bbox 755 650 884 712; x_wconf 90' lang='lat' dir='ltr'>quoque</span> <span class='ocrx_word' id='word_1_6' title='bbox 914 628 1072 693; x_wconf 80' lang='lat' dir='ltr'>vocabulo</span> <span class='ocrx_word' id='word_1_7' title='bbox 1097 627 1215 714; x_wconf 86' lang='lat' dir='ltr'>utitur)</span> <span class='ocrx_word' id='word_1_8' title='bbox 1240 627 1421 711; x_wconf 75' lang='lat' dir='ltr'>SpartoniS,</span> <span class='ocrx_word' id='word_1_9' title='bbox 1452 629 1505 692; x_wconf 92' lang='lat' dir='ltr'>hic</span> 
     </span>
     <span class='ocr_line' id='line_1_3' title="bbox 328 734 1504 822; baseline -0.003 -20"><span class='ocrx_word' id='word_1_10' title='bbox 328 737 568 822; x_wconf 84' lang='lat' dir='ltr'>Phoronei(!)</span> <span class='ocrx_word' id='word_1_11' title='bbox 603 735 689 800; x_wconf 86' lang='lat' dir='ltr'>filius</span> <span class='ocrx_word' id='word_1_12' title='bbox 722 734 847 819; x_wconf 79' lang='lat' dir='ltr'>orat.⁷³)</span> <span class='ocrx_word' id='word_1_13' title='bbox 892 735 965 799; x_wconf 88' lang='lat' dir='ltr'>Iam</span> <span class='ocrx_word' id='word_1_14' title='bbox 997 756 1097 819; x_wconf 82' lang='lat' dir='ltr'>supra</span> <span class='ocrx_word' id='word_1_15' title='bbox 1126 735 1275 821; x_wconf 79' lang='lat' dir='ltr'>vidimus,</span> <span class='ocrx_word' id='word_1_16' title='bbox 1309 735 1504 800; x_wconf 87' lang='lat' dir='ltr'>Acusilanm</span> 
     </span>
     <span class='ocr_line' id='line_1_4' title="bbox 329 841 1505 924; baseline 0.001 -18"><span class='ocrx_word' id='word_1_17' title='bbox 329 843 489 909; x_wconf 86' lang='lat' dir='ltr'>Inachum</span> <span class='ocrx_word' id='word_1_18' title='bbox 503 845 632 908; x_wconf 92' lang='lat' dir='ltr'>omnino</span> <span class='ocrx_word' id='word_1_19' title='bbox 646 864 712 907; x_wconf 92' lang='lat' dir='ltr'>non</span> <span class='ocrx_word' id='word_1_20' title='bbox 727 843 780 906; x_wconf 81' lang='lat' dir='ltr'>rel</span> <span class='ocrx_word' id='word_1_21' title='bbox 796 849 885 907; x_wconf 81' lang='lat' dir='ltr'>certe</span> <span class='ocrx_word' id='word_1_22' title='bbox 901 864 966 906; x_wconf 91' lang='lat' dir='ltr'>non</span> <span class='ocrx_word' id='word_1_23' title='bbox 980 842 1141 906; x_wconf 89' lang='lat' dir='ltr'>hominem</span> <span class='ocrx_word' id='word_1_24' title='bbox 1160 842 1356 924; x_wconf 83' lang='lat' dir='ltr'>genealogiae</span> <span class='ocrx_word' id='word_1_25' title='bbox 1369 841 1505 924; x_wconf 87' lang='lat' dir='ltr'>Argivo-</span> 
     </span>
     <span class='ocr_line' id='line_1_5' title="bbox 330 949 1505 1033; baseline -0.001 -18"><span class='ocrx_word' id='word_1_26' title='bbox 330 974 401 1016; x_wconf 90' lang='lat' dir='ltr'>rum</span> <span class='ocrx_word' id='word_1_27' title='bbox 424 952 611 1032; x_wconf 88' lang='lat' dir='ltr'>inseruisse,</span> <span class='ocrx_word' id='word_1_28' title='bbox 636 951 733 1014; x_wconf 92' lang='lat' dir='ltr'>immo</span> <span class='ocrx_word' id='word_1_29' title='bbox 750 949 960 1014; x_wconf 83' lang='lat' dir='ltr'>Phoroneum</span> <span class='ocrx_word' id='word_1_30' title='bbox 984 950 1123 1032; x_wconf 82' lang='lat' dir='ltr'>primurn</span> <span class='ocrx_word' id='word_1_31' title='bbox 1143 949 1305 1014; x_wconf 90' lang='lat' dir='ltr'>hominem</span> <span class='ocrx_word' id='word_1_32' title='bbox 1331 971 1505 1033; x_wconf 76' lang='lat' dir='ltr'>regemque</span> 
     </span>
     <span class='ocr_line' id='line_1_6' title="bbox 329 1056 1504 1145; baseline -0.001 -23"><span class='ocrx_word' id='word_1_33' title='bbox 329 1057 538 1145; x_wconf 85' lang='lat' dir='ltr'>Argivorum,</span> <span class='ocrx_word' id='word_1_34' title='bbox 559 1059 685 1141; x_wconf 89' lang='lat' dir='ltr'>generis</span> <span class='ocrx_word' id='word_1_35' title='bbox 701 1058 802 1141; x_wconf 87' lang='lat' dir='ltr'>igitur</span> <span class='ocrx_word' id='word_1_36' title='bbox 818 1063 984 1121; x_wconf 79' lang='lat' dir='ltr'>auctorem</span> <span class='ocrx_word' id='word_1_37' title='bbox 1000 1057 1094 1121; x_wconf 92' lang='lat' dir='ltr'>nobis</span> <span class='ocrx_word' id='word_1_38' title='bbox 1111 1078 1292 1139; x_wconf 90' lang='lat' dir='ltr'>proponere</span> <span class='ocrx_word' id='word_1_39' title='bbox 1309 1056 1384 1141; x_wconf 81' lang='lat' dir='ltr'>(frg.</span> <span class='ocrx_word' id='word_1_40' title='bbox 1402 1060 1439 1120; x_wconf 88' lang='grc'>16</span> <span class='ocrx_word' id='word_1_41' title='bbox 1454 1057 1504 1141; x_wconf 84' lang='lat' dir='ltr'>s).</span> 
     </span>
     <span class='ocr_line' id='line_1_7' title="bbox 329 1162 1506 1247; baseline 0 -19"><span class='ocrx_word' id='word_1_42' title='bbox 329 1165 466 1229; x_wconf 81' lang='lat' dir='ltr'>Minime</span> <span class='ocrx_word' id='word_1_43' title='bbox 488 1165 589 1247; x_wconf 90' lang='lat' dir='ltr'>igitur</span> <span class='ocrx_word' id='word_1_44' title='bbox 611 1164 811 1244; x_wconf 87' lang='lat' dir='ltr'>mirabimur,</span> <span class='ocrx_word' id='word_1_45' title='bbox 837 1163 1027 1247; x_wconf 79' lang='lat' dir='ltr'>scriptorem</span> <span class='ocrx_word' id='word_1_46' title='bbox 1044 1163 1268 1246; x_wconf 88' lang='lat' dir='ltr'>Mycenarum,</span> <span class='ocrx_word' id='word_1_47' title='bbox 1293 1163 1382 1228; x_wconf 87' lang='lat' dir='ltr'>urbis</span> <span class='ocrx_word' id='word_1_48' title='bbox 1400 1162 1506 1247; x_wconf 86' lang='lat' dir='ltr'>Argo-</span> 
     </span>
     <span class='ocr_line' id='line_1_8' title="bbox 330 1269 1505 1358; baseline 0.002 -22"><span class='ocrx_word' id='word_1_49' title='bbox 330 1273 410 1358; x_wconf 87' lang='lat' dir='ltr'>licae,</span> <span class='ocrx_word' id='word_1_50' title='bbox 442 1293 635 1354; x_wconf 90' lang='lat' dir='ltr'>eponymum</span> <span class='ocrx_word' id='word_1_51' title='bbox 669 1292 734 1334; x_wconf 93' lang='lat' dir='ltr'>non</span> <span class='ocrx_word' id='word_1_52' title='bbox 766 1271 806 1334; x_wconf 90' lang='lat' dir='ltr'>ab</span> <span class='ocrx_word' id='word_1_53' title='bbox 830 1270 967 1354; x_wconf 92' lang='lat' dir='ltr'>Inacho,</span> <span class='ocrx_word' id='word_1_54' title='bbox 1000 1269 1058 1334; x_wconf 90' lang='lat' dir='ltr'>sed</span> <span class='ocrx_word' id='word_1_55' title='bbox 1082 1293 1101 1334; x_wconf 94' lang='lat' dir='ltr'>a</span> <span class='ocrx_word' id='word_1_56' title='bbox 1123 1270 1298 1335; x_wconf 90' lang='lat' dir='ltr'>Phoroneo</span> <span class='ocrx_word' id='word_1_57' title='bbox 1331 1270 1505 1340; x_wconf 84' lang='lat' dir='ltr'>derivasse.</span> 
     </span>
     <span class='ocr_line' id='line_1_9' title="bbox 329 1374 1506 1465; baseline -0.001 -22"><span class='ocrx_word' id='word_1_58' title='bbox 329 1379 405 1443; x_wconf 90' lang='lat' dir='ltr'>Hoc</span> <span class='ocrx_word' id='word_1_59' title='bbox 429 1386 566 1442; x_wconf 91' lang='lat' dir='ltr'>stemma</span> <span class='ocrx_word' id='word_1_60' title='bbox 589 1401 655 1443; x_wconf 91' lang='lat' dir='ltr'>non</span> <span class='ocrx_word' id='word_1_61' title='bbox 680 1379 785 1442; x_wconf 91' lang='lat' dir='ltr'>minus</span> <span class='ocrx_word' id='word_1_62' title='bbox 801 1375 996 1442; x_wconf 87' lang='lat' dir='ltr'>Acusilaum</span> <span class='ocrx_word' id='word_1_63' title='bbox 1019 1377 1085 1442; x_wconf 92' lang='lat' dir='ltr'>olet</span> <span class='ocrx_word' id='word_1_64' title='bbox 1111 1378 1164 1459; x_wconf 88' lang='lat' dir='ltr'>(cf.</span> <span class='ocrx_word' id='word_1_65' title='bbox 1184 1378 1243 1460; x_wconf 80' lang='lat' dir='ltr'>hg.</span> <span class='ocrx_word' id='word_1_66' title='bbox 1264 1374 1319 1465; x_wconf 95' lang='grc'>17)</span> <span class='ocrx_word' id='word_1_67' title='bbox 1342 1400 1440 1461; x_wconf 89' lang='lat' dir='ltr'>quam</span> <span class='ocrx_word' id='word_1_68' title='bbox 1462 1379 1506 1463; x_wconf 84' lang='lat' dir='ltr'>id,</span> 
     </span>
     <span class='ocr_line' id='line_1_10' title="bbox 331 1485 1507 1569; baseline 0 -20"><span class='ocrx_word' id='word_1_69' title='bbox 331 1485 420 1569; x_wconf 90' lang='lat' dir='ltr'>quod</span> <span class='ocrx_word' id='word_1_70' title='bbox 442 1507 507 1550; x_wconf 92' lang='lat' dir='ltr'>non</span> <span class='ocrx_word' id='word_1_71' title='bbox 534 1485 697 1568; x_wconf 85' lang='lat' dir='ltr'>feminam,</span> <span class='ocrx_word' id='word_1_72' title='bbox 726 1485 785 1548; x_wconf 87' lang='lat' dir='ltr'>sed</span> <span class='ocrx_word' id='word_1_73' title='bbox 808 1506 930 1548; x_wconf 90' lang='lat' dir='ltr'>morem</span> <span class='ocrx_word' id='word_1_74' title='bbox 955 1485 1111 1548; x_wconf 88' lang='lat' dir='ltr'>usitatum</span> <span class='ocrx_word' id='word_1_75' title='bbox 1136 1491 1266 1549; x_wconf 89' lang='lat' dir='ltr'>secutus</span> <span class='ocrx_word' id='word_1_76' title='bbox 1290 1487 1394 1548; x_wconf 84' lang='lat' dir='ltr'>virum</span> <span class='ocrx_word' id='word_1_77' title='bbox 1419 1508 1507 1549; x_wconf 89' lang='lat' dir='ltr'>crea-</span> 
     </span>
     <span class='ocr_line' id='line_1_11' title="bbox 330 1590 1508 1675; baseline 0 -20"><span class='ocrx_word' id='word_1_78' title='bbox 330 1594 377 1657; x_wconf 87' lang='lat' dir='ltr'>vit</span> <span class='ocrx_word' id='word_1_79' title='bbox 402 1614 605 1675; x_wconf 84' lang='lat' dir='ltr'>eponymum.</span> <span class='ocrx_word' id='word_1_80' title='bbox 634 1592 711 1656; x_wconf 88' lang='lat' dir='ltr'>Non</span> <span class='ocrx_word' id='word_1_81' title='bbox 736 1599 786 1656; x_wconf 91' lang='lat' dir='ltr'>est</span> <span class='ocrx_word' id='word_1_82' title='bbox 809 1593 909 1675; x_wconf 89' lang='lat' dir='ltr'>igitur</span> <span class='ocrx_word' id='word_1_83' title='bbox 932 1613 991 1656; x_wconf 90' lang='lat' dir='ltr'>cur</span> <span class='ocrx_word' id='word_1_84' title='bbox 1006 1591 1180 1656; x_wconf 79' lang='lat' dir='ltr'>Pausania</span> <span class='ocrx_word' id='word_1_85' title='bbox 1198 1590 1418 1656; x_wconf 85' lang='lat' dir='ltr'>dubitationes</span> <span class='ocrx_word' id='word_1_86' title='bbox 1435 1613 1508 1674; x_wconf 89' lang='lat' dir='ltr'>pro-</span> 
     </span>
     <span class='ocr_line' id='line_1_12' title="bbox 332 1697 776 1784; baseline 0.002 -21"><span class='ocrx_word' id='word_1_87' title='bbox 332 1698 459 1764; x_wconf 90' lang='lat' dir='ltr'>bemus:</span> <span class='ocrx_word' id='word_1_88' title='bbox 485 1701 582 1763; x_wconf 94' lang='lat' dir='ltr'>immo</span> <span class='ocrx_word' id='word_1_89' title='bbox 607 1697 776 1784; x_wconf 74' lang='lat' dir='ltr'>contra.&#39;⁴)</span> 
     </span>
    </p>

    <p class='ocr_par' dir='ltr' id='par_1_3' title="bbox 332 1805 1507 1997">
     <span class='ocr_line' id='line_1_13' title="bbox 421 1805 1507 1890; baseline 0 -22"><span class='ocrx_word' id='word_1_90' title='bbox 421 1805 658 1888; x_wconf 85' lang='lat' dir='ltr'>Fragmentum</span> <span class='ocrx_word' id='word_1_91' title='bbox 686 1805 729 1870; x_wconf 91' lang='lat' dir='ltr'>ad</span> <span class='ocrx_word' id='word_1_92' title='bbox 759 1827 873 1890; x_wconf 88' lang='lat' dir='ltr'>regum</span> <span class='ocrx_word' id='word_1_93' title='bbox 901 1805 1144 1888; x_wconf 82' lang='lat' dir='ltr'>Mycenaeorum</span> <span class='ocrx_word' id='word_1_94' title='bbox 1176 1812 1313 1870; x_wconf 85' lang='lat' dir='ltr'>stemma</span> <span class='ocrx_word' id='word_1_95' title='bbox 1343 1806 1507 1888; x_wconf 87' lang='lat' dir='ltr'>pertinere</span> 
     </span>
     <span class='ocr_line' id='line_1_14' title="bbox 332 1913 646 1997; baseline 0.01 -21"><span class='ocrx_word' id='word_1_96' title='bbox 332 1935 391 1997; x_wconf 95' lang='lat' dir='ltr'>pro</span> <span class='ocrx_word' id='word_1_97' title='bbox 416 1920 506 1977; x_wconf 89' lang='lat' dir='ltr'>certo</span> <span class='ocrx_word' id='word_1_98' title='bbox 531 1913 646 1980; x_wconf 82' lang='lat' dir='ltr'>habac.</span> 
     </span>
    </p>
   </div>
   <div class='ocr_carea' id='block_1_3' title="bbox 421 2090 1105 2176">
    <p class='ocr_par' dir='ltr' id='par_1_4' title="bbox 421 2090 1105 2176">
     <span class='ocr_line' id='line_1_15' title="bbox 421 2090 1105 2176; baseline 0.001 -21"><span class='ocrx_word' id='word_1_99' title='bbox 421 2091 521 2176; x_wconf 76' lang='lat' dir='ltr'>Frg.</span> <span class='ocrx_word' id='word_1_100' title='bbox 545 2091 602 2156; x_wconf 74' lang='lat'>24</span> <span class='ocrx_word' id='word_1_101' title='bbox 626 2090 696 2176; x_wconf 82' lang='lat'>(28)</span> <span class='ocrx_word' id='word_1_102' title='bbox 720 2125 746 2144; x_wconf 89' lang='lat'>=</span> <span class='ocrx_word' id='word_1_103' title='bbox 770 2091 918 2172; x_wconf 80' lang='grc' dir='ltr'><em>Αροίίοδ.</em></span> <span class='ocrx_word' id='word_1_104' title='bbox 945 2092 1002 2156; x_wconf 85' lang='lat' dir='ltr'>ili</span> <span class='ocrx_word' id='word_1_105' title='bbox 1023 2093 1105 2156; x_wconf 75' lang='lat'>133.-</span> 
     </span>
    </p>
   </div>
   <div class='ocr_carea' id='block_1_4' title="bbox 332 2239 1509 2660">
    <p class='ocr_par' dir='ltr' id='par_1_5' title="bbox 332 2239 1509 2660">
     <span class='ocr_line' id='line_1_16' title="bbox 421 2239 1509 2338; baseline -0.003 -21"><span class='ocrx_word' id='word_1_106' title='bbox 421 2253 582 2328; x_wconf 81' lang='grc' dir='ltr'><em>Μενέλαος</em></span> <span class='ocrx_word' id='word_1_107' title='bbox 609 2251 668 2334; x_wconf 80' lang='grc' dir='ltr'>μὲν</span> <span class='ocrx_word' id='word_1_108' title='bbox 699 2239 753 2316; x_wconf 77' lang='grc' dir='ltr'>οὖν</span> <span class='ocrx_word' id='word_1_109' title='bbox 784 2249 817 2330; x_wconf 71' lang='grc' dir='ltr'>ἐξ</span> <span class='ocrx_word' id='word_1_110' title='bbox 838 2244 964 2338; x_wconf 78' lang='grc' dir='ltr'><em>Ἑλένης</em></span> <span class='ocrx_word' id='word_1_111' title='bbox 985 2244 1152 2338; x_wconf 78' lang='grc' dir='ltr'><em>Ἑρμιόνην</em></span> <span class='ocrx_word' id='word_1_112' title='bbox 1176 2249 1321 2338; x_wconf 75' lang='grc' dir='ltr'><em>ἐγέννησε</em></span> <span class='ocrx_word' id='word_1_113' title='bbox 1350 2251 1404 2315; x_wconf 88' lang='grc' dir='ltr'>καὶ</span> <span class='ocrx_word' id='word_1_114' title='bbox 1427 2249 1509 2314; x_wconf 79' lang='grc' dir='ltr'><em>κατά</em></span> 
     </span>
     <span class='ocr_line' id='line_1_17' title="bbox 332 2355 1509 2446; baseline -0.002 -23"><span class='ocrx_word' id='word_1_115' title='bbox 332 2383 422 2436; x_wconf 82' lang='grc' dir='ltr'><em>τινας</em></span> <span class='ocrx_word' id='word_1_116' title='bbox 434 2357 656 2446; x_wconf 79' lang='grc' dir='ltr'><em>Νικόστρατον</em></span> <span class='ocrx_word' id='word_1_117' title='bbox 672 2360 728 2445; x_wconf 83' lang='lat' dir='ltr'>(ci.</span> <span class='ocrx_word' id='word_1_118' title='bbox 744 2360 824 2424; x_wconf 83' lang='lat' dir='ltr'>Hes</span> <span class='ocrx_word' id='word_1_119' title='bbox 838 2359 899 2442; x_wconf 90' lang='lat' dir='ltr'>frg.</span> <span class='ocrx_word' id='word_1_120' title='bbox 914 2359 980 2445; x_wconf 86' lang='grc'>99),</span> <span class='ocrx_word' id='word_1_121' title='bbox 998 2355 1032 2424; x_wconf 80' lang='grc' dir='ltr'>ἐκ</span> <span class='ocrx_word' id='word_1_122' title='bbox 1048 2357 1159 2445; x_wconf 80' lang='grc' dir='ltr'><em>δούλης</em></span> <span class='ocrx_word' id='word_1_123' title='bbox 1174 2359 1223 2444; x_wconf 78' lang='grc' dir='ltr'>(δὲ</span> <span class='ocrx_word' id='word_1_124' title='bbox 1234 2359 1309 2424; x_wconf 82' lang='grc' dir='ltr'><em>εδδ.</em></span> <span class='ocrx_word' id='word_1_125' title='bbox 1321 2359 1509 2442; x_wconf 88' lang='lat' dir='ltr'>Westerm.)</span> 
     </span>
     <span class='ocr_line' id='line_1_18' title="bbox 333 2457 1509 2553; baseline -0.001 -22"><span class='ocrx_word' id='word_1_126' title='bbox 333 2466 490 2552; x_wconf 80' lang='grc' dir='ltr'><em>Πιερίδος,</em></span> <span class='ocrx_word' id='word_1_127' title='bbox 514 2471 603 2552; x_wconf 77' lang='grc' dir='ltr'><em>γένος</em></span> <span class='ocrx_word' id='word_1_128' title='bbox 619 2465 808 2550; x_wconf 81' lang='grc' dir='ltr'><em>Αἰτωλίδος,</em></span> <span class='ocrx_word' id='word_1_129' title='bbox 833 2461 851 2552; x_wconf 73' lang='grc'>1)</span> <span class='ocrx_word' id='word_1_130' title='bbox 867 2464 1023 2552; x_wconf 72' lang='grc' dir='ltr'><em>καθάπερ</em></span> <span class='ocrx_word' id='word_1_131' title='bbox 1034 2457 1278 2542; x_wconf 71' lang='grc' dir='ltr'><em>Ἀκουσίλαός</em></span> <span class='ocrx_word' id='word_1_132' title='bbox 1296 2484 1377 2553; x_wconf 86' lang='grc' dir='ltr'><em>φησι</em></span> <span class='ocrx_word' id='word_1_133' title='bbox 1396 2469 1509 2552; x_wconf 82' lang='grc' dir='ltr'><em>Τηρηί-</em></span> 
     </span>
     <span class='ocr_line' id='line_1_19' title="bbox 333 2573 633 2660; baseline 0.02 -23"><span class='ocrx_word' id='word_1_134' title='bbox 333 2573 395 2653; x_wconf 88' lang='grc' dir='ltr'><em>δος,</em></span> <span class='ocrx_word' id='word_1_135' title='bbox 420 2577 633 2660; x_wconf 67' lang='grc' dir='ltr'><em>Μεγαπένθη.</em></span> 
     </span>
    </p>
   </div>
   <div class='ocr_carea' id='block_1_5' title="bbox 422 2733 1510 2889">
    <p class='ocr_par' dir='ltr' id='par_1_6' title="bbox 422 2733 1510 2889">
     <span class='ocr_line' id='line_1_20' title="bbox 422 2733 1510 2806; baseline -0.001 -19"><span class='ocrx_word' id='word_1_136' title='bbox 422 2734 447 2787; x_wconf 88' lang='grc'>3.</span> <span class='ocrx_word' id='word_1_137' title='bbox 470 2734 618 2806; x_wconf 82' lang='grc' dir='ltr'><em>Τηρηίδος]</em></span> <span class='ocrx_word' id='word_1_138' title='bbox 642 2733 769 2805; x_wconf 82' lang='grc' dir='ltr'><em>Τηριδιίη</em></span> <span class='ocrx_word' id='word_1_139' title='bbox 789 2741 817 2784; x_wconf 90' lang='lat' dir='ltr'>et</span> <span class='ocrx_word' id='word_1_140' title='bbox 838 2733 926 2804; x_wconf 81' lang='grc' dir='ltr'><em>Τηρίς</em></span> <span class='ocrx_word' id='word_1_141' title='bbox 945 2737 1032 2785; x_wconf 85' lang='lat' dir='ltr'>schol.</span> <span class='ocrx_word' id='word_1_142' title='bbox 1047 2737 1126 2784; x_wconf 92' lang='lat' dir='ltr'>Hom.</span> <span class='ocrx_word' id='word_1_143' title='bbox 1144 2733 1206 2786; x_wconf 73' lang='lat'>612</span> <span class='ocrx_word' id='word_1_144' title='bbox 1226 2735 1270 2799; x_wconf 88' lang='lat' dir='ltr'>(cf.</span> <span class='ocrx_word' id='word_1_145' title='bbox 1286 2735 1398 2794; x_wconf 86' lang='lat' dir='ltr'>Stichie‚</span> <span class='ocrx_word' id='word_1_146' title='bbox 1413 2735 1510 2786; x_wconf 84' lang='lat' dir='ltr'>Philoi.</span> 
     </span>
     <span class='ocr_line' id='line_1_21' title="bbox 466 2823 664 2889; baseline 0.015 -15"><span class='ocrx_word' id='word_1_147' title='bbox 466 2826 526 2875; x_wconf 82' lang='lat' dir='ltr'>vin</span> <span class='ocrx_word' id='word_1_148' title='bbox 545 2841 570 2889; x_wconf 85' lang='lat' dir='ltr'>p.</span> <span class='ocrx_word' id='word_1_149' title='bbox 592 2823 664 2888; x_wconf 82' lang='lat'>610).</span> 
     </span>
    </p>
   </div>
   <div class='ocr_carea' id='block_1_6' title="bbox 333 2964 1513 3691">
    <p class='ocr_par' dir='ltr' id='par_1_7' title="bbox 333 2964 1513 3691">
     <span class='ocr_line' id='line_1_22' title="bbox 423 2964 1511 3051; baseline -0.003 -21"><span class='ocrx_word' id='word_1_150' title='bbox 423 2965 488 3050; x_wconf 78' lang='lat' dir='ltr'>Qui</span> <span class='ocrx_word' id='word_1_151' title='bbox 520 2966 715 3050; x_wconf 83' lang='lat' dir='ltr'>Apollodori</span> <span class='ocrx_word' id='word_1_152' title='bbox 750 2966 856 3030; x_wconf 81' lang='lat' dir='ltr'>locus</span> <span class='ocrx_word' id='word_1_153' title='bbox 874 2967 920 3030; x_wconf 91' lang='lat' dir='ltr'>ita</span> <span class='ocrx_word' id='word_1_154' title='bbox 957 2972 1006 3030; x_wconf 87' lang='lat' dir='ltr'>est</span> <span class='ocrx_word' id='word_1_155' title='bbox 1039 2974 1222 3051; x_wconf 85' lang='lat' dir='ltr'>corruptus,</span> <span class='ocrx_word' id='word_1_156' title='bbox 1258 2972 1294 3029; x_wconf 90' lang='lat' dir='ltr'>ut</span> <span class='ocrx_word' id='word_1_157' title='bbox 1327 2965 1424 3048; x_wconf 90' lang='lat' dir='ltr'>plane</span> <span class='ocrx_word' id='word_1_158' title='bbox 1455 2964 1511 3028; x_wconf 92' lang='lat' dir='ltr'>ad-</span> 
     </span>
     <span class='ocr_line' id='line_1_23' title="bbox 334 3071 1509 3156; baseline -0.002 -20"><span class='ocrx_word' id='word_1_159' title='bbox 334 3073 471 3156; x_wconf 90' lang='lat' dir='ltr'>stipuler</span> <span class='ocrx_word' id='word_1_160' title='bbox 503 3074 543 3139; x_wconf 89' lang='lat' dir='ltr'>U.</span> <span class='ocrx_word' id='word_1_161' title='bbox 570 3073 609 3137; x_wconf 91' lang='lat' dir='ltr'>de</span> <span class='ocrx_word' id='word_1_162' title='bbox 635 3073 895 3153; x_wconf 87' lang='lat' dir='ltr'>Wilamowitzio,</span> <span class='ocrx_word' id='word_1_163' title='bbox 929 3073 983 3156; x_wconf 93' lang='lat' dir='ltr'>qui</span> <span class='ocrx_word' id='word_1_164' title='bbox 1014 3072 1085 3136; x_wconf 89' lang='lat' dir='ltr'>aliis</span> <span class='ocrx_word' id='word_1_165' title='bbox 1119 3072 1314 3137; x_wconf 87' lang='lat' dir='ltr'>adiumentis</span> <span class='ocrx_word' id='word_1_166' title='bbox 1347 3093 1411 3134; x_wconf 94' lang='lat' dir='ltr'>non</span> <span class='ocrx_word' id='word_1_167' title='bbox 1436 3071 1509 3134; x_wconf 91' lang='lat' dir='ltr'>sub·</span> 
     </span>
     <span class='ocr_line' id='line_1_24' title="bbox 333 3177 1512 3265; baseline -0.002 -22"><span class='ocrx_word' id='word_1_168' title='bbox 333 3181 539 3245; x_wconf 89' lang='lat' dir='ltr'>venientibus</span> <span class='ocrx_word' id='word_1_169' title='bbox 588 3186 687 3265; x_wconf 92' lang='lat' dir='ltr'>negat</span> <span class='ocrx_word' id='word_1_170' title='bbox 730 3179 948 3262; x_wconf 86' lang='lat' dir='ltr'>corruptelam</span> <span class='ocrx_word' id='word_1_171' title='bbox 991 3180 1109 3262; x_wconf 83' lang='lat' dir='ltr'>corrigi</span> <span class='ocrx_word' id='word_1_172' title='bbox 1155 3177 1306 3264; x_wconf 75' lang='lat' dir='ltr'>posse.⁷⁵)</span> <span class='ocrx_word' id='word_1_173' title='bbox 1364 3177 1512 3264; x_wconf 83' lang='grc' dir='ltr'><em>Πιερίδος</em></span> 
     </span>
     <span class='ocr_line' id='line_1_25' title="bbox 333 3284 1513 3372; baseline -0.002 -22"><span class='ocrx_word' id='word_1_174' title='bbox 333 3308 451 3350; x_wconf 89' lang='lat' dir='ltr'>nomen</span> <span class='ocrx_word' id='word_1_175' title='bbox 475 3288 643 3370; x_wconf 91' lang='lat' dir='ltr'>proprium</span> <span class='ocrx_word' id='word_1_176' title='bbox 669 3309 739 3351; x_wconf 88' lang='lat' dir='ltr'>esse</span> <span class='ocrx_word' id='word_1_177' title='bbox 765 3287 917 3367; x_wconf 89' lang='lat' dir='ltr'>debebat,</span> <span class='ocrx_word' id='word_1_178' title='bbox 942 3286 1030 3369; x_wconf 86' lang='lat' dir='ltr'>quod</span> <span class='ocrx_word' id='word_1_179' title='bbox 1053 3294 1163 3350; x_wconf 89' lang='lat' dir='ltr'>tamen</span> <span class='ocrx_word' id='word_1_180' title='bbox 1180 3307 1246 3351; x_wconf 92' lang='lat' dir='ltr'>non</span> <span class='ocrx_word' id='word_1_181' title='bbox 1272 3293 1336 3368; x_wconf 73' lang='lat' dir='ltr'>est,</span> <span class='ocrx_word' id='word_1_182' title='bbox 1363 3284 1513 3372; x_wconf 85' lang='grc' dir='ltr'><em>Τηρηίδος</em></span> 
     </span>
     <span class='ocr_line' id='line_1_26' title="bbox 334 3392 1511 3476; baseline -0.001 -20"><span class='ocrx_word' id='word_1_183' title='bbox 334 3414 452 3456; x_wconf 91' lang='lat' dir='ltr'>nomen</span> <span class='ocrx_word' id='word_1_184' title='bbox 477 3394 642 3457; x_wconf 87' lang='lat' dir='ltr'>ethnicum</span> <span class='ocrx_word' id='word_1_185' title='bbox 672 3415 743 3457; x_wconf 91' lang='lat' dir='ltr'>esse</span> <span class='ocrx_word' id='word_1_186' title='bbox 768 3392 1047 3476; x_wconf 86' lang='lat' dir='ltr'>exspectabamus,</span> <span class='ocrx_word' id='word_1_187' title='bbox 1079 3415 1151 3476; x_wconf 89' lang='lat' dir='ltr'>quae</span> <span class='ocrx_word' id='word_1_188' title='bbox 1176 3400 1286 3457; x_wconf 88' lang='lat' dir='ltr'>tamen</span> <span class='ocrx_word' id='word_1_189' title='bbox 1310 3393 1511 3476; x_wconf 86' lang='lat' dir='ltr'>exspectatio</span> 
     </span>
     <span class='ocr_line' id='line_1_27' title="bbox 333 3499 1512 3583; baseline -0.003 -19"><span class='ocrx_word' id='word_1_190' title='bbox 333 3501 412 3564; x_wconf 88' lang='lat' dir='ltr'>item</span> <span class='ocrx_word' id='word_1_191' title='bbox 442 3522 501 3564; x_wconf 88' lang='lat' dir='ltr'>nos</span> <span class='ocrx_word' id='word_1_192' title='bbox 533 3499 625 3564; x_wconf 88' lang='lat' dir='ltr'>fallit.</span> <span class='ocrx_word' id='word_1_193' title='bbox 674 3501 763 3583; x_wconf 86' lang='lat' dir='ltr'>Ergo</span> <span class='ocrx_word' id='word_1_194' title='bbox 796 3501 857 3565; x_wconf 93' lang='lat' dir='ltr'>hoc</span> <span class='ocrx_word' id='word_1_195' title='bbox 888 3507 1016 3564; x_wconf 86' lang='lat' dir='ltr'>tantum</span> <span class='ocrx_word' id='word_1_196' title='bbox 1049 3499 1204 3564; x_wconf 89' lang='lat' dir='ltr'>Acusilao</span> <span class='ocrx_word' id='word_1_197' title='bbox 1237 3500 1353 3582; x_wconf 87' lang='lat' dir='ltr'>evenit,</span> <span class='ocrx_word' id='word_1_198' title='bbox 1386 3520 1512 3563; x_wconf 88' lang='lat' dir='ltr'>servam</span> 
     </span>
     <span class='ocr_line' id='line_1_28' title="bbox 335 3606 1157 3691; baseline 0.002 -21"><span class='ocrx_word' id='word_1_199' title='bbox 335 3607 499 3689; x_wconf 90' lang='lat' dir='ltr'>quandam</span> <span class='ocrx_word' id='word_1_200' title='bbox 523 3606 677 3671; x_wconf 87' lang='lat' dir='ltr'>Menelao</span> <span class='ocrx_word' id='word_1_201' title='bbox 702 3609 868 3691; x_wconf 89' lang='lat' dir='ltr'>peperisse</span> <span class='ocrx_word' id='word_1_202' title='bbox 892 3607 1157 3691; x_wconf 89' lang='lat' dir='ltr'>Megapenthem.</span> 
     </span>
    </p>
   </div>
   <div class='ocr_carea' id='block_1_7' title="bbox 334 3837 1514 4439">
    <p class='ocr_par' dir='ltr' id='par_1_8' title="bbox 334 3837 1513 3995">
     <span class='ocr_line' id='line_1_29' title="bbox 423 3837 1513 3906; baseline -0.004 -15"><span class='ocrx_word' id='word_1_203' title='bbox 423 3838 455 3906; x_wconf 75' lang='lat'>⁷³)</span> <span class='ocrx_word' id='word_1_204' title='bbox 475 3843 514 3891; x_wconf 87' lang='lat' dir='ltr'>De</span> <span class='ocrx_word' id='word_1_205' title='bbox 534 3843 620 3890; x_wconf 89' lang='lat' dir='ltr'>schol.</span> <span class='ocrx_word' id='word_1_206' title='bbox 640 3842 676 3891; x_wconf 91' lang='lat' dir='ltr'>BJ</span> <span class='ocrx_word' id='word_1_207' title='bbox 696 3842 758 3890; x_wconf 86' lang='lat' dir='ltr'>Eur.</span> <span class='ocrx_word' id='word_1_208' title='bbox 780 3841 823 3892; x_wconf 90' lang='lat' dir='ltr'>Or.</span> <span class='ocrx_word' id='word_1_209' title='bbox 844 3839 914 3892; x_wconf 82' lang='lat'><strong>1239</strong></span> <span class='ocrx_word' id='word_1_210' title='bbox 934 3845 960 3890; x_wconf 88' lang='lat' dir='ltr'>et</span> <span class='ocrx_word' id='word_1_211' title='bbox 980 3841 1072 3903; x_wconf 83' lang='lat' dir='ltr'>Steph.</span> <span class='ocrx_word' id='word_1_212' title='bbox 1092 3840 1121 3888; x_wconf 91' lang='lat' dir='ltr'>B.</span> <span class='ocrx_word' id='word_1_213' title='bbox 1143 3855 1164 3890; x_wconf 82' lang='lat' dir='ltr'>s</span> <span class='ocrx_word' id='word_1_214' title='bbox 1186 3837 1323 3906; x_wconf 78' lang='grc' dir='ltr'><em>Μυκῆναι</em></span> <span class='ocrx_word' id='word_1_215' title='bbox 1342 3839 1375 3890; x_wconf 86' lang='lat' dir='ltr'>ci.</span> <span class='ocrx_word' id='word_1_216' title='bbox 1396 3839 1513 3901; x_wconf 83' lang='lat' dir='ltr'>Tiimpel</span> 
     </span>
     <span class='ocr_line' id='line_1_30' title="bbox 334 3931 766 3995; baseline 0 -15"><span class='ocrx_word' id='word_1_217' title='bbox 334 3945 377 3993; x_wconf 88' lang='lat' dir='ltr'>ap.</span> <span class='ocrx_word' id='word_1_218' title='bbox 397 3931 498 3980; x_wconf 86' lang='lat' dir='ltr'>Rosch.</span> <span class='ocrx_word' id='word_1_219' title='bbox 519 3945 541 3980; x_wconf 90' lang='lat' dir='ltr'>s.</span> <span class='ocrx_word' id='word_1_220' title='bbox 562 3946 586 3980; x_wconf 84' lang='lat' dir='ltr'>v.</span> <span class='ocrx_word' id='word_1_221' title='bbox 606 3931 766 3995; x_wconf 78' lang='lat' dir='ltr'>Mykeneus</span> 
     </span>
    </p>

    <p class='ocr_par' dir='ltr' id='par_1_9' title="bbox 335 4015 1514 4174">
     <span class='ocr_line' id='line_1_31' title="bbox 423 4015 1514 4086; baseline -0.005 -16"><span class='ocrx_word' id='word_1_222' title='bbox 423 4017 459 4084; x_wconf 75' lang='lat'>⁷⁴)</span> <span class='ocrx_word' id='word_1_223' title='bbox 479 4019 538 4078; x_wconf 84' lang='lat' dir='ltr'>Quo</span> <span class='ocrx_word' id='word_1_224' title='bbox 558 4021 592 4069; x_wconf 86' lang='lat' dir='ltr'>de</span> <span class='ocrx_word' id='word_1_225' title='bbox 606 4021 753 4070; x_wconf 86' lang='lat' dir='ltr'>Pausaniae</span> <span class='ocrx_word' id='word_1_226' title='bbox 775 4017 969 4084; x_wconf 81' lang='lat' dir='ltr'>„argumento“</span> <span class='ocrx_word' id='word_1_227' title='bbox 992 4017 1062 4069; x_wconf 81' lang='grc' dir='ltr'><em>διότι</em></span> <span class='ocrx_word' id='word_1_228' title='bbox 1082 4016 1157 4086; x_wconf 80' lang='grc' dir='ltr'><em>μηδὲ</em></span> <span class='ocrx_word' id='word_1_229' title='bbox 1175 4017 1255 4068; x_wconf 81' lang='grc' dir='ltr'><em>αὐτοὶ</em></span> <span class='ocrx_word' id='word_1_230' title='bbox 1276 4015 1338 4068; x_wconf 81' lang='grc' dir='ltr'>κτλ.</span> <span class='ocrx_word' id='word_1_231' title='bbox 1358 4017 1390 4067; x_wconf 88' lang='lat' dir='ltr'>cf.</span> <span class='ocrx_word' id='word_1_232' title='bbox 1412 4032 1454 4066; x_wconf 85' lang='lat' dir='ltr'>ex.</span> <span class='ocrx_word' id='word_1_233' title='bbox 1475 4031 1514 4079; x_wconf 83' lang='lat' dir='ltr'>gr.</span> 
     </span>
     <span class='ocr_line' id='line_1_32' title="bbox 335 4106 1170 4174; baseline -0.004 -13"><span class='ocrx_word' id='word_1_234' title='bbox 335 4111 372 4161; x_wconf 91' lang='lat' dir='ltr'>id.</span> <span class='ocrx_word' id='word_1_235' title='bbox 394 4110 417 4158; x_wconf 88' lang='lat' dir='ltr'>ll</span> <span class='ocrx_word' id='word_1_236' title='bbox 437 4107 480 4170; x_wconf 80' lang='lat'>20,</span> <span class='ocrx_word' id='word_1_237' title='bbox 500 4109 518 4160; x_wconf 81' lang='lat'>5</span> <span class='ocrx_word' id='word_1_238' title='bbox 538 4109 643 4174; x_wconf 78' lang='lat' dir='ltr'>(Bothe,</span> <span class='ocrx_word' id='word_1_239' title='bbox 664 4110 748 4158; x_wconf 85' lang='lat' dir='ltr'>Theb.</span> <span class='ocrx_word' id='word_1_240' title='bbox 769 4110 800 4158; x_wconf 91' lang='lat' dir='ltr'>H.</span> <span class='ocrx_word' id='word_1_241' title='bbox 820 4124 845 4172; x_wconf 89' lang='lat' dir='ltr'>p.</span> <span class='ocrx_word' id='word_1_242' title='bbox 867 4107 943 4172; x_wconf 86' lang='grc'>111);</span> <span class='ocrx_word' id='word_1_243' title='bbox 965 4109 1000 4159; x_wconf 86' lang='lat' dir='ltr'>id.</span> <span class='ocrx_word' id='word_1_244' title='bbox 1021 4109 1079 4158; x_wconf 83' lang='lat' dir='ltr'>Vlll</span> <span class='ocrx_word' id='word_1_245' title='bbox 1099 4107 1124 4167; x_wconf 84' lang='lat'>4,</span> <span class='ocrx_word' id='word_1_246' title='bbox 1145 4106 1170 4158; x_wconf 84' lang='grc'>6.</span> 
     </span>
    </p>

    <p class='ocr_par' dir='ltr' id='par_1_10' title="bbox 336 4195 1514 4439">
     <span class='ocr_line' id='line_1_33' title="bbox 423 4195 1514 4261; baseline -0.003 -15"><span class='ocrx_word' id='word_1_247' title='bbox 423 4195 456 4261; x_wconf 72' lang='grc'>75)</span> <span class='ocrx_word' id='word_1_248' title='bbox 477 4199 555 4247; x_wconf 91' lang='lat' dir='ltr'>llom.</span> <span class='ocrx_word' id='word_1_249' title='bbox 575 4199 684 4249; x_wconf 87' lang='lat' dir='ltr'>Unters.</span> <span class='ocrx_word' id='word_1_250' title='bbox 704 4213 730 4260; x_wconf 91' lang='lat' dir='ltr'>p.</span> <span class='ocrx_word' id='word_1_251' title='bbox 751 4197 802 4250; x_wconf 85' lang='grc'>174</span> <span class='ocrx_word' id='word_1_252' title='bbox 822 4212 844 4247; x_wconf 88' lang='lat' dir='ltr'>s.</span> <span class='ocrx_word' id='word_1_253' title='bbox 865 4202 892 4247; x_wconf 88' lang='lat' dir='ltr'>et</span> <span class='ocrx_word' id='word_1_254' title='bbox 911 4197 976 4246; x_wconf 87' lang='lat' dir='ltr'>ibid.</span> <span class='ocrx_word' id='word_1_255' title='bbox 998 4198 1061 4249; x_wconf 88' lang='lat' dir='ltr'>adn.</span> <span class='ocrx_word' id='word_1_256' title='bbox 1082 4196 1124 4247; x_wconf 89' lang='grc'>17.</span> <span class='ocrx_word' id='word_1_257' title='bbox 1158 4197 1212 4246; x_wconf 89' lang='lat' dir='ltr'>Cur</span> <span class='ocrx_word' id='word_1_258' title='bbox 1231 4201 1325 4245; x_wconf 86' lang='lat' dir='ltr'>autem</span> <span class='ocrx_word' id='word_1_259' title='bbox 1345 4196 1514 4244; x_wconf 87' lang='lat' dir='ltr'>sumendum</span> 
     </span>
     <span class='ocr_line' id='line_1_34' title="bbox 336 4284 1512 4353; baseline -0.003 -18"><span class='ocrx_word' id='word_1_260' title='bbox 336 4287 380 4347; x_wconf 90' lang='lat' dir='ltr'>sit,</span> <span class='ocrx_word' id='word_1_261' title='bbox 395 4287 564 4336; x_wconf 85' lang='lat' dir='ltr'>Pausaniam</span> <span class='ocrx_word' id='word_1_262' title='bbox 584 4286 607 4335; x_wconf 94' lang='lat' dir='ltr'>ll</span> <span class='ocrx_word' id='word_1_263' title='bbox 628 4286 670 4348; x_wconf 76' lang='lat'>18,</span> <span class='ocrx_word' id='word_1_264' title='bbox 691 4285 708 4338; x_wconf 89' lang='grc'><strong>6</strong></span> <span class='ocrx_word' id='word_1_265' title='bbox 732 4284 824 4353; x_wconf 82' lang='grc' dir='ltr'><em>δούλη</em></span> <span class='ocrx_word' id='word_1_266' title='bbox 838 4287 974 4336; x_wconf 79' lang='lat' dir='ltr'>vocabulo</span> <span class='ocrx_word' id='word_1_267' title='bbox 988 4285 1100 4335; x_wconf 87' lang='lat' dir='ltr'>nomine</span> <span class='ocrx_word' id='word_1_268' title='bbox 1114 4286 1225 4350; x_wconf 85' lang='lat' dir='ltr'>proprio</span> <span class='ocrx_word' id='word_1_269' title='bbox 1239 4299 1323 4335; x_wconf 91' lang='lat' dir='ltr'>usum</span> <span class='ocrx_word' id='word_1_270' title='bbox 1337 4298 1410 4345; x_wconf 87' lang='lat' dir='ltr'>esse,</span> <span class='ocrx_word' id='word_1_271' title='bbox 1431 4285 1512 4346; x_wconf 88' lang='lat' dir='ltr'>plane</span> 
     </span>
     <span class='ocr_line' id='line_1_35' title="bbox 336 4375 550 4439; baseline 0.005 -16"><span class='ocrx_word' id='word_1_272' title='bbox 336 4389 392 4424; x_wconf 92' lang='lat' dir='ltr'>non</span> <span class='ocrx_word' id='word_1_273' title='bbox 412 4375 550 4439; x_wconf 87' lang='lat' dir='ltr'>intellego.</span> 
     </span>
    </p>
   </div>
   <div class='ocr_carea' id='block_1_8' title="bbox 0 0 1758 5116">
    <p class='ocr_par' dir='ltr' id='par_1_11' title="bbox 0 0 1758 5116">
     <span class='ocr_line' id='line_1_36' title="bbox 0 0 1758 5116; baseline 0 0"><span class='ocrx_word' id='word_1_274' title='bbox 0 0 1758 5116; x_wconf 95' lang='lat' dir='ltr'> </span> 
     </span>
    </p>
   </div>
  </div>
 </body>
</html>
