3486 5116
731 471 950 530 -57-

254 661 352 724 dubio
384 661 535 725 ithacum
566 661 680 724 insulae
713 661 844 725 heroem
877 683 1080 744 eponymum,
1113 661 1264 726 Neritum
1296 664 1425 737 montis

253 767 459 850 Polyctorem
494 769 555 832 loci
585 769 755 832 cuiusdam
786 769 915 850 habuit,
947 769 1004 832 sed
1028 767 1205 833 Acusilaus
1229 769 1350 852 primus
1375 791 1428 833 ex-

253 875 374 956 pressis
400 875 506 938 verbis
530 875 600 939 haec
625 875 810 939 exhibuisse
842 875 986 957 videtur,
1018 897 1118 958 quare
1144 876 1239 941 huius
1264 877 1311 938 rei
1334 877 1428 940 testis

253 981 347 1044 nobis
372 988 519 1046 servatus
544 988 603 1047 est.
644 980 816 1064 Quomodo
841 1003 893 1046 res
919 1003 952 1046 se
977 983 1098 1046 habeat
1121 984 1154 1046 in
1180 983 1274 1046 dictis
1298 983 1362 1046 illis
1386 983 1428 1046 ad

253 1109 320 1150 rem
351 1089 601 1170 geographicam
631 1089 881 1170 pertinentibus,
915 1089 1104 1154 diiudicatio
1129 1091 1225 1172 plane
1250 1096 1339 1154 certa
1363 1109 1427 1152 non

150 1233 152 1240 ·
255 1195 360 1263 datur,
409 1193 613 1277 Quamquam
647 1197 733 1260 enim
766 1196 1078 1278 „logographorum“
1113 1197 1188 1277 fuit,
1220 1198 1254 1260 in
1285 1197 1429 1260 historiis

254 1301 496 1365 conscribendis
520 1302 656 1365 multum
675 1323 782 1384 operae
806 1302 904 1367 rebus
921 1303 1147 1386 geographicis
1163 1325 1294 1378 navare,
1319 1309 1429 1366 tamen

254 1410 483 1490 grammaticos
500 1429 628 1490 quoqne
652 1409 686 1472 in
704 1410 944 1474 commentariis
961 1410 1193 1492 componendis
1209 1410 1294 1473 idem
1312 1409 1428 1474 fecisse

254 1514 341 1578 haud
369 1513 624 1600 ignoranrus.¹²·'')
672 1515 782 1598 Quare
806 1515 1007 1581 Acusilaone
1036 1516 1246 1581 attribuenda
1278 1517 1343 1580 siut
1373 1517 1430 1579 illa

254 1644 295 1684 an
319 1623 529 1704 grammatico
563 1622 659 1686 alicui
684 1623 803 1686 nescio.
850 1622 926 1686 Hoc
957 1626 1160 1706 potissimum
1184 1623 1334 1688 Acusilai
1358 1645 1429 1687 esse

255 1728 488 1810 contenderim,
515 1729 729 1812 Cephallenia
745 1730 890 1794 Pterelai
906 1729 990 1794 filios
1008 1731 1157 1796 Ithacam
1174 1731 1301 1795 venisse
1317 1731 1428 1813 ibique

255 1841 287 1897 et
310 1835 425 1898 insulae
450 1842 483 1899 et
506 1839 608 1900 monti
632 1835 681 1920 (et
703 1837 774 1901 loco
800 1836 942 1922 cuidam)
968 1839 1098 1902 nomina
1123 1837 1261 1902 dedisse.
1309 1835 1430 1902 Cetera

253 1947 368 2022 postea
391 1942 504 2006 addita
527 1943 678 2006 videntur
703 1964 722 2005 a
746 1945 957 2026 grannnatico
982 1944 1090 2026 aliquo
1116 1944 1262 2008 verboso.

345 2047 446 2113 Cuius
464 2057 670 2130 συνοικισμοῦ
686 2051 720 2112 in
736 2055 833 2132 gente
849 2049 958 2132 aliqua
975 2072 1047 2132 quaa
1061 2050 1157 2114 Ulixe
1174 2071 1296 2133 proavo
1314 2051 1430 2134 gloria-

255 2155 362 2237 batur,
388 2155 535 2220 fortassis
558 2157 677 2220 meutio
694 2156 782 2220 laeta
807 2163 855 2220 est
881 2156 933 2237 (cf.
952 2157 1039 2238 quod
1056 2157 1152 2239 paulo
1169 2157 1254 2221 iufra
1272 2157 1311 2220 de
1330 2156 1429 2220 schol.

256 2261 358 2326 Thuc.
383 2263 415 2326 A
441 2266 492 2343 51,
518 2268 547 2341 4,
573 2269 593 2326 4
618 2263 800 2347 disseram).

482 2551 767 2650 Fragmenta
795 2549 918 2631 falso
949 2551 1201 2652 adscripta.

345 2691 469 2758 lhohas
492 2693 529 2758 in
559 2694 648 2776 Vero.
674 2695 754 2760 Bac.
780 2695 815 2759 ll
839 2696 883 2759 48
908 2691 994 2778 (fro.
1019 2695 1059 2759 21
1067 2713 1088 2758 o
1111 2694 1265 2776 Machl:

343 2817 520 2882 Narcissus
544 2817 604 2882 llos
627 2819 680 2881 Eu
704 2818 846 2882 zimades
874 2819 976 2883 relert
1000 2841 1019 2884 a
1043 2818 1199 2884 Narcisso
1223 2818 1430 2903 Amarynthi,

256 2923 310 3004 qui
342 2923 404 2987 luit
432 2925 601 2990 Eretricus
631 2947 670 2989 ex
703 2925 809 2990 insula
833 2926 970 2989 Euboea.
1018 2926 1242 3008 interemptus
1273 2927 1358 2989 eninr
1389 2926 1430 2990 ab

255 3030 373 3112 Euppo
391 3052 430 3094 ex
448 3053 561 3095 cruore
579 3030 685 3114 florea,
711 3033 766 3113 qui
783 3053 901 3096 nomen
919 3034 988 3095 eius
1005 3039 1210 3113 acceperunt,
1235 3033 1429 3114 procreavit.

255 3137 288 3200 A
319 3138 442 3220 pictore
474 3138 623 3204 Narcissi
652 3138 787 3204 floribus
817 3140 969 3222 Erinyas,
1005 3139 1038 3202 id
1070 3147 1119 3203 est
1147 3140 1275 3218 Furias,
1309 3141 1430 3222 primas

256 3265 326 3308 esse
351 3253 522 3310 coronatas
547 3248 648 3310 aiunt.
1445 3285 1458 3324 5

346 3371 369 3422 l.
392 3373 430 3420 Eu
444 3372 549 3422 aimads
563 3374 712 3424 Vaticanus
727 3374 767 3437 (V)
783 3374 946 3422 Euriniades
958 3373 1101 3422 Parisinus
1113 3371 1156 3438 (P)
1168 3373 1315 3421 leusilaus
1326 3372 1430 3421 corrice.

390 3462 522 3525 Egnatius
541 3463 663 3512 Venetus
684 3461 774 3529 (1520)
795 3461 845 3528 (E).

390 3551 559 3616 rimarynthi]
580 3552 696 3600 Mueller
715 3551 782 3601 FHG
801 3552 961 3600 Amarauthi
981 3551 1022 3601 VE
1042 3566 1095 3600 om.
1116 3552 1145 3602 P.

389 3639 537 3704 Eretriens]
559 3641 730 3693 Schneidew.
744 3641 909 3690 Eretriensis
924 3641 1013 3689 Muell.
1034 3641 1125 3704 (nisus
1141 3640 1228 3688 Strah.
1243 3654 1269 3701 p.
1283 3637 1345 3701 404)
1360 3639 1431 3686 Eric-

389 3731 472 3779 theus
491 3731 534 3780 VP
554 3731 715 3780 Erechtheis
736 3731 763 3779 E.

379 3807 502 3880 'strena
523 3820 620 3870 Philet.
632 3821 690 3870 vin
710 3835 735 3882 p.
750 3818 803 3871 oro
821 3819 939 3869 conferri
959 3819 1035 3868 iuuet
1055 3819 1109 3867 nv.
1124 3819 1216 3867 xxxv
1229 3816 1276 3868 38:
1300 3817 1431 3883 ,aaaron

389 3908 611 3958 :anniversarium
638 3924 671 3958 eo
698 3910 767 3958 forte
793 3915 918 3971 tempore
945 3908 1065 3966 Eretriae,
1093 3907 1309 3970 Amarynthidis,
1338 3907 1432 3954 Dianae

390 3995 464 4046 erat“
484 3998 547 4049 coll.
568 3998 661 4060 Steph.
680 3999 709 4046 B.
730 4013 752 4051 s,
767 4014 792 4046 v.
813 3994 1007 4066 Ἀμάρυνθος,
1026 4002 1112 4061 νῆσος
1125 3994 1260 4059 Εὐβοίας,
1281 3995 1339 4045 ἀπό
1358 4011 1433 4059 τινος

390 4090 516 4154 κυνηγοῦ
536 4091 584 4152 τῆς
603 4085 768 4155 Ἀρτέμιδος
788 4084 987 4154 Ἀμαρύνθου.

345 4173 482 4242 33Epope
500 4177 520 4224 E
538 4177 629 4228 Muell.
650 4177 716 4226 l'HG
736 4178 810 4226 unde
824 4177 934 4239 Epopeo
949 4175 1120 4228 Schneidew.
1147 4175 1252 4238 (Ellope
1272 4175 1433 4236 suspicatur

390 4265 449 4313 Keil
469 4265 549 4314 nisus
570 4266 658 4315 Strab.
678 4266 700 4313 X
721 4280 746 4328 p.
766 4264 838 4328 445).

345 4414 389 4482 ¹²⁵)
410 4419 447 4468 Cl.
468 4419 606 4467 Schwartz
626 4420 642 4470 l.
664 4420 680 4467 l.
701 4434 726 4481 p.
745 4417 806 4469 443.
