3486 5116
739 409 959 471 -39--

352 598 431 666 Sine
453 601 555 666 dubio
588 601 727 665 eundem
752 598 902 666 Acusilai
932 602 1040 684 operis
1065 601 1171 666 locum
1203 607 1352 685 spectant
1375 603 1438 665 tria

259 728 334 790 quae
359 728 445 771 nunc
467 707 657 791 prolaturus
681 730 752 772 sum
776 707 975 792 fragmenta:

351 885 450 970 Frg.
474 886 532 952 27
557 885 626 972 (25)
650 919 676 938 =
699 885 800 953 schol.
825 887 919 953 Pind.
944 886 1039 970 Parc.
1065 889 1121 953 Ill
1144 889 1188 953 25
1218 886 1274 973 (13
1299 909 1382 969 rec.3
1406 908 1437 969 p.

260 994 326 1056 329
351 991 507 1079 Boeckh):

351 1152 438 1218 διοοί
461 1153 494 1218 δὲ
517 1145 718 1242 προῦοίμησε
741 1156 822 1235 (scil.
840 1157 995 1242 Κορωνὶς)
1019 1150 1187 1238 τὸνἼσχον
1210 1163 1266 1220 τοῦ
1277 1146 1439 1241 >berillo

259 1283 330 1339 νοςς
343 1250 586 1340 Ἀκουσίλαός
611 1283 718 1350 φησιν,
745 1259 789 1340 (ὃς
804 1262 885 1327 κατὰ
902 1262 972 1341 δέος
987 1257 1171 1350 ὑπεροψίας
1191 1267 1303 1350 θνητῷ
1325 1262 1439 1349 βουλη-

261 1371 364 1431 έίεῖσο
387 1380 538 1437 συνεῖναι.

352 1529 376 1582 2.
396 1527 573 1599 Ἀγησίλαος
593 1533 717 1595 plerique
744 1533 819 1594 libri3
847 1534 965 1582 correxit
986 1533 1088 1582 noeckn
1109 1548 1123 1582 e
1145 1533 1214 1583 Gott.
1253 1533 1290 1583 Cf.
1311 1533 1374 1582 adn.
1395 1532 1438 1582 18.
1537 1557 1539 1562 v

397 1621 434 1685 ὡς
453 1618 524 1685 κοί]
546 1622 583 1685 ὡς
602 1618 684 1685 δέους
703 1622 832 1688 ὑποψίας
852 1621 921 1674 Gott.

351 1761 582 1828 Fundamenta
598 1763 718 1829 adhoc
735 1764 952 1847 fragmentum
970 1772 1058 1829 recte
1075 1765 1322 1849 intelligendum
1345 1763 1440 1828 nobis

256 1868 340 1951 jecit
363 1867 404 1932 U.
430 1869 471 1933 de
494 1869 713 1936 Wilamowitz
738 1874 794 1954 qui
820 1872 936 1937 Eoeam
961 1871 1164 1937 Hesiodeam
1188 1870 1361 1937 Coronidis
1384 1892 1440 1934 no·

262 1975 349 2037 mine
373 1976 564 2058 inscriptam
588 1977 787 2064 restituit.⁸¹)
820 1977 923 2062 Apud
938 1978 1122 2043 Hesiodum
1140 1977 1279 2044 Coronis
1302 2000 1323 2042 a
1345 1983 1439 2060 patre

262 2088 379 2147 coacta
411 2083 542 2148 mortali
576 2091 743 2167 nupserat.
791 2086 956 2151 Pindarus
992 2087 1198 2150 innocentem
1230 2106 1327 2168 poena
1357 2084 1440 2148 affici

262 2188 382 2272 noluit3
411 2212 512 2274 quare
544 2193 702 2276 virginem
735 2193 897 2277 hospitem
928 2191 1128 2258 Arcadicum
1163 2192 1223 2256 deo
1257 2191 1440 2274 praetulisse

262 2303 386 2361 narrat.
419 2296 605 2382 Acusilaus,
631 2321 703 2364 cum
720 2321 850 2364 eausam
875 2301 971 2364 huius
989 2300 1180 2364 concubitus
1204 2305 1339 2382 quaerat,
1363 2298 1441 2362 Pin·

262 2403 343 2467 daro
368 2410 465 2469 aetate
488 2407 734 2489 postponendus
760 2407 1013 2474 demonstratur.

351 2528 523 2594 Habemus
547 2551 648 2612 quare
665 2531 857 2596 Acusilaum
876 2532 1049 2614 diligenter
1072 2532 1156 2596 hanc
1172 2529 1440 2596 historiunoulam

262 2636 440 2718 protulisse
458 2659 632 2702 sumamus,
669 2637 888 2722 Aesculapius
905 2641 1001 2718 enim,
1028 2637 1202 2703 Coronidis
1226 2644 1260 2703 et
1275 2636 1440 2721 Apollinis

263 2743 359 2822 filius,
384 2744 417 2808 in
441 2743 603 2828 Argolide
634 2747 839 2828 potissimum
870 2745 1039 2810 colebatur
1071 2752 1104 2810 et
1126 2745 1315 2830 Epidaurus
1338 2745 1440 2827 Argis

263 2851 371 2916 vicina
402 2852 652 2934 praeclarissimo
680 2851 873 2936 Aesculapii
904 2854 1026 2937 templo
1054 2853 1266 2936 gloriabatur.
1314 2851 1441 2916 Bceckh

263 2959 297 3022 in
322 2957 535 3023 adnotatione
559 2959 683 3024 scholio
714 2960 880 3042 adscripta
903 2982 938 3025 se
962 2962 1089 3026 nescire
1113 2958 1287 3025 confitetur
1311 2979 1375 3042 qua
1399 2958 1438 3020 de

265 3086 365 3129 causa
381 3063 555 3130 Coronidis
571 3067 604 3130 in
621 3065 819 3149 Argivorum
835 3067 933 3132 rebus
950 3069 1071 3132 mentio
1088 3067 1173 3131 lacta
1190 3067 1240 3131 sit.
1267 3067 1440 3130 Attamen

265 3171 520 3256 genealogias
544 3171 721 3237 Acusilaus
746 3174 890 3257 scripsit!

353 3296 456 3362 Haud
488 3298 585 3363 dubie
615 3299 648 3362 in
679 3304 776 3381 gente
807 3299 917 3383 aliqua
947 3299 1227 3382 Peloponnesiaco
1258 3296 1442 3364 enarranda

264 3405 392 3471 dehac
416 3428 451 3470 re
476 3405 661 3489 fabulisque
692 3428 774 3489 quas
799 3406 863 3470 duo
887 3406 1037 3490 praebent
1064 3406 1247 3488 fragmenta
1271 3405 1442 3488 sequentia

265 3513 366 3578 verba
389 3513 466 3578 fecit
490 3512 669 3579 Acusilaus
700 3515 766 3578 sive
791 3513 834 3578 ad
857 3512 965 3595 Argos
997 3514 1086 3596 ipsos
1111 3514 1294 3596 fragmenta
1318 3511 1441 3576 referas

263 3619 367 3705 (quod
383 3621 544 3704 Epidauri
560 3619 780 3705 Aesculapius
796 3626 894 3686 natus
910 3619 1128 3705 ferebatur⁸²)
1152 3621 1218 3683 sive
1235 3619 1277 3683 ad
1297 3616 1442 3684 Φωκικὸν

263 3733 354 3812 γένος
376 3728 505 3813 (Ischys
522 3728 611 3793 Elati
628 3728 764 3808 Elateae,
790 3728 879 3792 urbis
897 3727 1060 3809 Phocidis,
1087 3727 1236 3810 eponymi
1252 3725 1351 3808 filius)
1375 3727 1441 3790 sive

265 3835 308 3900 ad
335 3833 528 3901 θεοοαίικὸο
551 3839 641 3920 γένος
664 3834 818 3919 (Coronis
842 3834 996 3918 Phlegyae
1021 3834 1171 3899 Thessali
1194 3833 1285 3919 filia).

354 4086 483 4152 ⁸1)1sy11.
510 4103 535 4138 v.
555 4088 633 4150 Epid.
659 4103 685 4151 p.
704 4088 738 4138 57
760 4103 798 4140 ss
837 4089 874 4136 De
901 4087 1038 4136 Coronide
1064 4087 1097 4135 cs.
1126 4091 1259 4148 praeterea
1279 4087 1440 4144 Schweuck,

265 4179 315 4227 Rh.
336 4179 369 4229 hl.
388 4179 424 4228 xl
443 4188 469 4242 p.
490 4176 543 4229 492
563 4191 601 4228 ss,
1400 4223 1402 4227 ,

353 4266 386 4332 ⁸²)
407 4269 548 4318 Cl.Paus.
568 4266 654 4319 1126.
676 4296 702 4303 —
725 4269 765 4316 lta
783 4268 913 4317 iudicarit
935 4268 1037 4316 Boecklr
1056 4267 1084 4315 in
1105 4267 1192 4315 schol.
1214 4267 1290 4314 Pind.
1311 4265 1443 4313 editionis

265 4358 342 4419 praef.
362 4372 387 4420 p.
407 4358 462 4407 XX.
